2341 3261
625 184 706 235 42-

626 257 773 316 Non
800 271 991 319 tamen
1012 259 1125 318 ie‘ta
1142 251 1409 345 frequens
1428 303 1444 328 ‚
1467 255 1758 346 pugnandi
1778 259 1992 319 amittit
2010 275 2289 317 amorem.

535 348 730 433 Urget
747 342 941 410 honor
957 345 1160 437 palma:
1179 375 1191 409 :
1213 347 1402 412 multo
1423 374 1600 438 quam
1618 350 1849 413 verbere
1869 346 2176 410 emendam

536 440 852 509 Praenovit3
883 446 1249 528 pretiumque
1266 439 1405 505 facit
1433 438 1595 505 labor
1613 439 1729 532 ipse
1747 438 1931 504 labori
1949 487 1965 502 .

217 557 458 607 Armillam
534 535 827 618 Spernitur
846 537 904 594 in
921 528 1079 594 facili
1097 537 1274 596 virtus
1295 560 1307 595 :
1327 554 1626 623 artemque
1646 528 1926 623 periclum

212 623 456 687 obsidendi,
536 621 763 684 Instruit
780 669 792 682 .
822 620 921 684 Ille
938 628 1093 687 acuit
1111 629 1256 688 vires
1276 652 1290 696 3
1310 623 1406 689 hic
1424 630 1664 689 innovat
1680 646 1823 689 artes
1839 653 1860 687 ·.

526 718 705 778 Nunc
724 715 879 778 trabe
900 716 1192 779 confidens
1211 763 1228 788 ‚
1246 718 1420 800 medij
1442 743 1596 781 nunc
1612 720 1780 783 obice
1798 714 1934 782 ferri
1951 726 1974 792 ‚⁴

524 810 706 868 Nunc
727 812 906 871 iuneti
926 804 1143 872 auxilio
1162 815 1314 873 muri
1333 857 1349 882 ,
1381 816 1677 902 protectus
1696 811 1766 875 ab
1786 814 1907 874 istu
1923 857 1943 883 ‚

525 895 783 962 Vulnera
811 900 1076 964 restaurat
1098 929 1109 963 :
1131 898 1295 965 lentis
1316 899 1697 994 progr-estibus
1715 901 1944 967 hostem

526 996 766 1081 Decipit
786 1040 799 1052 .
833 998 995 1056 Hinc
1013 1000 1170 1057 tenui
1190 991 1230 1057 fi
1249 994 1452 1059 limina
1472 1002 1666 1083 pervia
1683 993 1787 1060 filo

529 1087 766 1146 Detexit
787 1081 959 1174 longe
978 1133 994 1158 ‚
1013 1112 1254 1176 exrguos
1283 1114 1400 1152 non
1422 1086 1567 1151 fallit
1587 1086 1807 1152 hiatus:

192 1219 400 1282 Eamque
529 1180 704 1238 Certa
723 1174 909 1239 secans
930 1184 1035 1241 iter
1053 1181 1357 1269 angustum
1377 1231 1394 1253 ,
1415 1178 1584 1244 fatale
1602 1179 1872 1244 foramen

191 1284 438 1348 traijaendi
537 1273 772 1359 Accipit
793 1299 806 1339 ·,
829 1283 886 1334 δε
908 1277 1077 1335 Porta
1097 1274 1418 1361 ingrediens
1438 1271 1669 1337 nolente
1697 1268 2056 1363 triumphat}

197 1368 273 1424 Ψ
292 1351 344 1405 &
355 1351 469 1415 peri·
536 1367 702 1443 Qin
723 1369 900 1426 etiam
920 1361 1208 1428 infensum
1227 1370 1411 1456 [patio
1433 1364 2003 1456 propioreSodalem
2019 1409 2040 1436 ‚

208 1429 299 1468 Μ’
531 1454 876 1519 Obstantem
897 1463 1048 1520 votis
1069 1454 1106 1519 fi
1127 1459 1334 1522 viderit
1354 1487 1369 1530 ·‚
1390 1468 1567 1522 exerit
1594 1484 1787 1530 armzv,

532 1544 641 1611 Nil
658 1552 829 1611 Senio
852 1555 1030 1638 parcit
1047 1597 1061 1610 .
1096 1555 1227 1613 Nec
1253 1548 1316 1614 ut
1335 1548 1473 1615 alter
1491 1549 1762 1616 fulminat
1781 1550 1954 1616 heros
1973 1577 1993 1622 5

530 1637 798 1703 Debilius
818 1638 1002 1732 pulsat
1022 1689 1039 1714 ,
1059 1640 1153 1707 sed
1189 1639 1385 1707 iustius
1406 1672 1417 1705 :
1439 1650 1597 1707 irrita
1615 1666 1875 1708 temnens
1893 1691 1915 1718 ,

532 1728 701 1796 Utile
727 1737 927 1798 verber
945 1756 1100 1798 amat
1119 1783 1131 1796 .
1152 1742 1245 1800 Sic
1262 1742 1346 1800 vis
1363 1763 1483 1800 non
1500 1738 1703 1801 restitit
1719 1743 1824 1801 arti
1845 1766 1861 1809 3

531 1828 734 1914 Atque
756 1831 1119 1890 iuventutem
1135 1825 1419 1919 superavit
1436 1852 1600 1894 cauta
1618 1835 1887 1894 Senefflhis
1907 1876 1921 1891 .

533 1915 701 1980 Illico
720 1923 952 1983 Victori
972 1921 1143 1985 viridi
1164 1919 1398 1986 Chorus
1416 1929 1609 1986 omnis
1627 1925 1698 1989 ab
1718 1925 1925 1987 umbra

533 2011 853 2100 Consurgit
873 2039 884 2073 :
904 2013 1112 2076 virides
1132 2016 1348 2079 umbrae
1366 2011 1553 2079 fecere
1572 2022 1881 2079 Coronam

531 2104 858 2168 Arboribus
878 2132 892 2175 3
913 2101 1171 2195 desitque
1189 2102 1294 2171 suo
1314 2133 1386 2171 ne
1404 2110 1570 2173 turba
1587 2106 1814 2172 theatro
1833 2154 1852 2180 ,

533 2199 737 2283 Longa
756 2193 855 2261 sub
875 2196 1202 2262 umbriferis
1221 2199 1432 2264 duxere
1449 2199 1660 2264 sedilia
1684 2200 1892 2291 plantis
1909 2245 1924 2260 .

534 2293 814 2378 Optimus
834 2313 974 2379 ergo
994 2296 1173 2355 Senex
1192 2292 1307 2355 istis
1325 2289 1460 2356 cum
1478 2298 1733 2356 vinceret
1750 2297 1925 2356 armis
1943 2336 1963 2362 ,

532 2382 730 2444 Turba
751 2385 1069 2446 coronabat
1090 2389 1397 2448 Victorem
1419 2413 1431 2447 z
1453 2390 1688 2475 eiusque
1707 2380 2034 2475 triumphus
2052 2430 2074 2456 ,

532 2473 746 2536 Noster
767 2495 883 2536 erat
903 2503 916 2546 3
939 2480 1197 2540 Victoris
1215 2502 1382 2542 amor
1400 2525 1416 2550 ‚
1445 2504 1563 2541 non
1582 2483 1792 2541 Victor
1810 2477 2023 2540 ovabat
2040 2522 2054 2537 .

188 2609 190 2611 -
309 2627 317 2635 ,
386 2624 423 2674 5
625 2572 860 2656 Rumpe
880 2563 1046 2629 miser
1065 2566 1230 2632 fletus
1249 2617 1264 2640 ‚
1286 2582 1343 2634 ὃς
1364 2568 1557 2634 desere
1574 2568 1756 2634 fraena
1773 2567 1968 2633 dolori
1987 2596 2002 2638 ·,

199 2629 465 2754 ἕρζῖἴςζῶ
541 2659 752 2722 Tristes
772 2655 846 2721 ἀεὶ
863 2657 1089 2723 calamo
1116 2659 1436 2749 lachrymas
1456 2688 1562 2753 pro
1582 2669 1832 2726 carmine
1850 2668 2024 2727 Vates
2044 2708 2059 2723 .

528 2757 732 2840 Ingens
753 2748 848 2814 illa
876 2757 1006 2816 Viri
1025 2759 1203 2817 virtus
1223 2801 1240 2825 ,
1259 2754 1364 2818 flos
1386 2752 1480 2818 ille
1509 2756 1744 2846 pudoris
1764 2803 1781 2827 ‚

526 2841 627 2909 Illa
645 2843 780 2911 fides
799 2890 817 2920 ,
835 2842 986 2911 illud
1005 2851 1211 2939 perfixus
1227 2893 1246 2922 ,
1265 2872 1425 2912 mens
1445 2844 1544 2911 illa
1568 2845 1788 2912 sciendi

1151 2934 1155 2936 ’
1975 2940 2204 3002 Cuncta
