2341 3261
1698 138 1772 195 79

121 207 378 276 Vulnere
398 253 414 278 ,
434 229 577 269 mox
607 207 727 268 ietu
747 201 914 288 redijt
933 200 1195 268 frustrata
1219 199 1502 270 secundo.

122 309 281 368 Turn
307 307 461 364 varia
488 324 544 361 in
564 304 730 380 varijs
749 298 934 360 audiri
960 318 1098 361 vota
1117 297 1413 361 faventum

125 390 410 460 Plaufibus
430 437 442 450 .
464 395 545 454 At
563 413 806 453 vacuam
829 395 1056 480 quoties
1088 393 1375 480 repetebat
1415 415 1648 455 arenam

126 489 302 574 Regis
321 507 499 572 equus
521 509 534 553 ·,
555 478 690 544 cum
709 488 884 571 Regis
902 506 1044 572 apex
1073 529 1089 554 ,
1109 489 1402 572 Regisque
1443 487 1694 549 micabat

125 583 341 642 Lancea
361 603 374 646 3
393 596 529 639 tunc
548 599 748 637 omnes
767 572 924 638 oculi
944 621 959 646 ,
980 596 1114 639 tunc
1133 599 1332 637 omnia
1353 599 1584 639 euntem

124 675 282 733 Vota
299 664 675 757 sequebantur
695 694 709 737 3
733 664 1079 756 plagamque
1099 671 1158 727 in
1178 664 1368 729 fronte
1398 666 1696 732 sonantem

124 765 340 824 Laetum
363 761 696 849 expee'tabat
717 756 978 847 suspenso
1012 781 1307 820 murmure
1344 759 1566 848 Vulgus
1587 808 1599 820 .

128 852 466 916 Terdenum
483 849 580 912 ille
596 856 744 940 rapit
765 856 1014 939 repetito
1035 847 1267 939 pulvere
1294 860 1521 912 curium
1543 880 1556 921 3

127 943 578 1032 Terdenumque
598 940 759 1006 sonat
782 940 1002 1031 galeata
1020 949 1078 1003 in
1097 962 1361 1031 tempora
1381 941 1561 1006 telum
1582 991 1594 1003 .

123 1040 264 1098 Tres
291 1031 455 1096 simul
476 1057 719 1124 arreptas
741 1032 1011 1096 iaculatus
1031 1031 1223 1122 saepius
1254 1032 1431 1096 hastas
1451 1082 1468 1106 ,

124 1131 265 1189 Tres
285 1122 451 1187 simul
476 1124 743 1214 infregit:
771 1123 975 1214 triplex
1010 1122 1122 1188 fine
1150 1123 1382 1214 cuspide
1415 1147 1644 1191 truncus

127 1217 427 1281 Gaudebat
446 1216 664 1279 rediens
685 1264 700 1288 ‚
721 1229 779 1280 &
808 1215 880 1279 fic
899 1214 1171 1305 spoliatus
1190 1220 1402 1282 ovabat
1421 1266 1433 1277 .

122 1315 284 1399 Rege
303 1307 595 1372 fruebatur
616 1307 837 1398 Vulgus
857 1337 872 1370 .·
893 1315 1185 1399 Regisque
1205 1307 1488 1400 triumphi

120 1400 246 1465 Plus
267 1398 502 1491 populi,
520 1425 698 1491 quarn
716 1407 892 1490 Regis
911 1425 1083 1465 erant.
1105 1400 1273 1464 Illum
1295 1427 1396 1464 ora
1415 1408 1734 1492 requirunt3

123 1491 294 1556 Illum
311 1490 466 1556 oculi
489 1520 501 1554 :
522 1491 801 1581 consurge
821 1540 836 1565 ,
855 1492 990 1556 vola
1009 1541 1025 1565 ,
1052 1516 1147 1556 tua
1166 1491 1357 1556 lancea
1383 1519 1593 1586 campo

123 1585 387 1673 Fulguret
405 1632 416 1645 .
437 1582 663 1674 Expleri
681 1607 972 1675 nequeunt
990 1591 1169 1649 Ducis
1188 1610 1288 1649 ora
1316 1588 1554 1659 tuendO,

121 1678 559 1766 Fulmineasque
577 1701 777 1740 manus
798 1725 810 1738 .
831 1683 1141 1741 Procerum
1171 1684 1374 1741 mirata
1392 1687 1654 1744 iuventus
1672 1728 1690 1753 ³

121 1775 386 1850 thus
406 1793 559 1857 equo
580 1768 817 1860 assurgat
835 1817 850 1841 ,
879 1766 1161 1859 quantum
1182 1771 1517 1833 metuendus
1538 1778 1595 1835 in
1632 1772 1820 1849 hasta5

116 1859 303 1927 Discit
322 1884 466 1948 opus
491 1865 693 1923 Martis
717 1890 728 1922 ε
753 1860 1008 1940 simulate
1030 1867 1090 1924 in
1110 1869 1360 1950 imagine
1381 1888 1584 1952 pugnae
1600 1911 1617 1936 ,

123 1959 344 2014 Omma
370 1951 766 2039 contemplans
792 1975 1065 2043 praccepta
1083 2001 1099 2025 ,
1128 1953 1506 2044 exemplaque
1523 1962 1645 2020 veri

122 2046 376 2106 Roboris
400 2091 412 2103 .
433 2050 522 2106 Ut
540 2044 714 2108 celsos
735 2047 1016 2108 ostentent
1033 2071 1133 2109 ore
1152 2043 1373 2109 furores
1393 2074 1407 2116 3

122 2139 210 2197 Ut
227 2155 455 2224 portent
473 2144 653 2199 aciem
674 2137 936 2226 intrepidi
964 2155 975 2200 ε
997 2143 1086 2201 Sic
1107 2162 1242 2226 pace
1260 2138 1549 2227 magistra,

124 2227 314 2288 Praelia
331 2225 652 2291 discuntur.
678 2235 847 2308 Qos
868 2226 961 2291 illa
980 2229 1208 2293 dedistis
1231 2228 1485 2293 Achilles

126 2323 266 2378 Otia
289 2335 300 2379 ⁸.
323 2316 471 2380 Proh
498 2323 705 2409 quibus
727 2333 784 2384 &
813 2328 1039 2410 quantis
1060 2328 1084 2402 (
1111 2319 1184 2383 sic
1205 2319 1321 2385 fata
1348 2319 1645 2405 tulerunt)

126 2406 413 2496 Exemplis
435 2414 703 2475 AMEDEE
739 2437 888 2476 cares
913 2431 924 2475 1
954 2416 1108 2475 Ante
1128 2438 1229 2476 ora
1258 2420 1505 2476 Parentis

126 2504 247 2579 Qi
269 2502 368 2562 tibi
388 2502 673 2566 crevissent
691 2509 866 2567 animi
891 2522 901 2566 1
923 2504 1030 2567 Sed
1047 2505 1225 2569 vestra
1250 2552 1267 2577 ,
1294 2511 1571 2570 SAssAuDI
1591 2554 1608 2580 2

127 2595 271 2653 Non
291 2591 367 2652 est
388 2600 517 2654 artis
538 2619 680 2683 opus
699 2644 714 2668 ,
733 2621 838 2659 nee
858 2599 1298 2686 Praeceptoribus
1326 2597 1454 2661 ullis

126 2684 385 2745 Debetur
405 2730 420 2754 2
441 2709 541 2747 nec
567 2685 682 2750 sera
699 2694 855 2751 venit
883 2689 1007 2776 post
1026 2711 1290 2779 tempora
1308 2697 1484 2752 virtus
1504 2736 1518 2749 .

218 2779 347 2850 Iam
365 2777 466 2840 tibi
486 2778 772 2865 Tyrrheni
792 2827 810 2854 ,
828 2781 1062 2845 Adriaci
1082 2786 1200 2846 iam
1227 2779 1423 2846 littora
1441 2786 1605 2844 Ponti
1625 2826 1644 2853 ‚

974 2880 1028 2936 K
1072 2896 1115 2949 4
1422 2877 1777 2961 Aretoumcp
