2341 3261
585 196 617 250 8

484 273 787 342 Crescere.⁴
842 276 896 337 Si
927 265 1652 364 quandoiniuffisaudacia
1673 277 1844 340 ramis

484 374 797 433 Luxuriare
816 366 961 438 fuit;
991 367 1186 431 timidi
1215 370 1438 431 nonita
1457 366 1680 431 Coloni

483 458 820 526 Diffimulat
847 465 1091 525 vitium:
1116 484 1217 522 nee
1240 463 1421 546 parcit
1439 467 1600 551 pigra
1626 462 1832 525 iecutis
1855 466 1880 532 ,'

483 560 617 620 Nec
644 552 776 619 ferit
804 552 1170 643 imprudens:
1193 553 1290 615 ubi
1313 551 1484 644 culpa
1502 554 1776 618 exuberat
1801 600 1819 627 ,
1847 551 2013 617 instat

484 651 698 712 letibus
723 675 736 717 3
759 645 1143 736 emendatque
1163 668 1362 708 nemus
1384 670 1483 736 per
1501 642 1737 710 vulnera
1755 643 1965 711 Cultor
1982 693 1995 706 .

580 739 698 804 Hic
717 737 955 828 Zephiri
992 736 1285 828 placidum
1307 735 1484 828 frigus
1506 785 1521 810 ‚
1540 738 1848 829 dulcesque
1868 733 2115 829 querelae

87 872 303 921 Ferarum
341 870 437 932 Syl·
481 839 575 896 Sat
593 856 889 922 nunquam
916 836 1086 894 Terei
1115 832 1436 920 conquesta?
1461 838 1703 895 crimina
1730 838 2011 921 Progne53

87 940 282 1001 vqlirz'um
290 954 452 1000 greges.
490 933 731 1016 Fertque
759 924 973 1015 cupido
994 922 1150 1013 sequi
1172 921 1384 986 temere
1403 922 1657 987 ludentia
1686 930 1908 988 circum

482 1024 742 1108 Agmina
767 1023 1091 1081 Damarum
1119 1063 1132 1077 .
1167 1014 1428 1105 Spatioso
1449 1015 1632 1079 limite
1651 1014 1838 1080 clausa
1855 1063 1873 1087 ‚

483 1117 551 1174 Se
572 1117 704 1174 Fera
721 1108 810 1173 vel
840 1107 1013 1172 nescit
1032 1132 1321 1197 captivam
1341 1135 1353 1169 ε
1373 1131 1470 1171 aut
1498 1133 1719 1173 carcere
1738 1114 1798 1172 in
1824 1106 1951 1199 ipso

483 1204 575 1267 Est
597 1202 871 1268 libertatis
891 1201 1098 1265 fiducia
1118 1223 1242 1264 tota
1261 1201 1485 1264 tuendae
1503 1248 1516 1262 .

573 1301 715 1359 Haec
734 1291 873 1384 erg&
899 1299 1178 1359 Nemoris
1206 1290 1523 1382 speritacula
1548 1295 1756 1383 praebet
1776 1341 1792 1366 ,
1813 1303 1872 1356 &
1895 1297 2111 1367 Horti,

480 1390 798 1454 Porticibus
817 1392 999 1451 Statio
1019 1387 1384 1450 incumbens:
1408 1392 1535 1477 quis
1555 1387 1760 1450 deinde
1780 1384 2114 1473 supremum

85 1529 322 1591 Mam-fia)
351 1542 422 1574 ex·
481 1488 627 1547 Non
647 1501 905 1543 vereatur
924 1504 1068 1569 opus
1084 1526 1099 1550 ‚
1127 1479 1207 1541 stu
1217 1500 1460 1568 peatque
1479 1486 1538 1542 in
1559 1485 1817 1570 Principe
1838 1484 2027 1542 TcCto
2050 1495 2066 1542 ἓ

84 1573 264 1646 trabium
296 1592 438 1644 Pala-
487 1573 587 1637 Ille
611 1572 818 1636 Italum
837 1577 994 1634 Mars
1017 1617 1030 1643 ,
1051 1569 1146 1634 ille
1172 1593 1372 1661 potens
1393 1596 1597 1634 terrere
1626 1578 1888 1635 Potentes

93 1667 209 1714 tium.
487 1664 650 1730 Bello
670 1674 866 1754 ingens
889 1669 1049 1728 Avus
1071 1711 1086 1734 ,
1107 1661 1201 1726 hic
1224 1669 1351 1726 Paci
1372 1665 1510 1727 dum
1540 1665 1754 1753 grande
1776 1665 2008 1754 parabat

83 1794 291 1844 (Yona'ftor
312 1792 450 1839 Caro-
487 1766 552 1821 Se
572 1759 816 1847 dignum
846 1804 861 1828 2
899 1769 956 1820 &
979 1761 1210 1846 Magnis
1231 1760 1449 1845 Magna
1477 1757 1547 1820 de
1569 1763 1840 1845 Coniuge
1859 1762 2030 1820 Natis

84 1864 149 1929 lus
173 1863 278 1935 Εῑξι.
296 1860 334 1907 I.
356 1858 442 1904 Re-
486 1852 782 1915 Delicium
802 1878 814 1920 ·‚
837 1849 922 1912 his
944 1856 1058 1912 iam
1087 1873 1213 1911 tum
1231 1847 1413 1936 Sylvis
1434 1873 1549 1911 erat
1569 1849 2058 1913 iiiiib1·iter·01iitiis

87 1944 260 1991 gnanus
292 1929 435 1976 Avus.
483 1941 817 2006 Interclusus
838 1967 1002 2031 ager:
1024 1948 1141 2004 iam
1160 1965 1285 2003 tum
1322 1943 1675 2030 nigrantibus
1697 1945 1913 2006 umbris

97 2059 350 2109 catharina
485 2036 855 2099 Candcntum
875 2033 1011 2123 fuga
1029 2039 1352 2096 Damarum
1375 2034 1653 2124 prodente
1673 2034 1871 2097 colore
1889 2083 1907 2108 ,

83 2128 202 2177 Plus.
236 2121 442 2199 22H1'sP-
481 2126 679 2216 Longe
707 2125 1079 2190 instetantcm
1098 2123 1326 2189 fallebat
1345 2125 1549 2189 callida
1569 2129 1830 2198 turbam3

84 2195 193 2255 Reg.
233 2191 356 2239 Fd'a
381 2228 391 2237 '
487 2228 756 2309 Raraque
784 2225 1116 2282 Venantum
1143 2242 1355 2281 merces
1376 2267 1391 2290 ,
1413 2241 1507 2282 aut
1528 2216 1644 2281 sera
1669 2221 1907 2284 cadebat
1926 2267 1938 2280 .

86 2326 180 2374 Hssc
212 2335 342 2372 antea
371 2319 455 2368 Ve-
491 2320 644 2402 Saepe
663 2320 838 2374 etiam
855 2311 1040 2374 infida:
1066 2307 1215 2386 male
1236 2333 1358 2374 tuta
1377 2336 1474 2401 per
1493 2316 1613 2374 otia
1633 2319 1781 2399 pacis
1801 2358 1817 2383 ,

84 2395 249 2441 ”ffli‘m
282 2391 446 2438 Lucus.
480 2404 598 2468 Hic
619 2429 769 2468 nova
789 2403 938 2470 bella
957 2451 974 2476 ,
1002 2427 1178 2466 novas
1198 2408 1341 2467 acies
1362 2450 1377 2475 ,
1400 2409 1556 2466 Mars
1575 2402 1716 2467 alter
1742 2452 1758 2476 ,
1779 2416 1837 2467 &
1856 2401 1997 2467 alter

481 2499 698 2562 Edebat
717 2503 971 2585 Campus
993 2523 1005 2556 :
1027 2516 1240 2558 teneras
1269 2521 1404 2559 cum
1424 2521 1629 2585 nempe
1650 2495 1863 2561 Puellas

475 2596 671 2653 Ferrea
693 2585 996 2652 sollicitans
1018 2610 1142 2651 aetas
1161 2634 1180 2659 ,
1200 2586 1501 2653 muliebria
1523 2585 1688 2676 pensa

473 2678 729 2745 Pertaesas
754 2730 770 2755 ,
795 2681 997 2773 pulcro
1024 2704 1324 2743 armorum
1344 2678 1611 2744 suadebat
1638 2705 1857 2753 amore,

479 2780 755 2852 Qaerere
776 2781 1105 2838 amazonias
1125 2777 1181 2834 in
1204 2779 1380 2836 Circo
1403 2820 1418 2845 ,
1440 2785 1496 2836 ὃς
1520 2770 1750 2861 pulvere
1771 2771 1961 2837 laudes
1981 2820 1995 2835 .

572 2873 794 2958 Accipe
812 2893 960 2933 nunc
983 2865 1240 2956 Auguste
1263 2871 1467 2956 Nepos
1485 2912 1502 2939 ,
1526 2865 1563 2928 1‘1
1583 2863 1698 2930 scra
1718 2888 1968 2931 meretur
2086 2949 2126 3018 s

1973 2959 2081 3019 Mu
2113 2979 2143 3018 a
