2341 3261
576 159 635 228 58

485 238 655 302 Mille
676 233 770 301 hic
788 234 1103 328 disparibus
1125 235 1428 304 discrimen
1449 241 1674 327 agentia
1692 235 1898 304 formis
1916 281 1936 314 ,-
2217 238 2258 310 “v
2332 266 2335 271 ·

483 330 656 394 Mille
678 337 988 420 peregrinis
1010 328 1299 419 laquearia
1317 338 1455 396 viva
1472 330 1666 418 figuris
1685 378 1701 404 ‚
2243 360 2245 362 ·

483 428 678 486 Aurea
712 420 916 486 caelatis
935 430 1182 486 extantia
1201 429 1472 513 pegmata
1496 424 1692 509 Xystis
1708 470 1727 498 ,

483 521 670 579 Serica
689 540 823 578 curn
841 521 1089 604 gemmis
1116 562 1133 588 ,
1151 517 1467 607 vestitaque
1495 521 1713 579 murice
1732 514 1857 581 saxa
1874 563 1892 590 ,

483 612 555 671 Et
583 613 831 696 pretium
850 653 867 678 ,
888 606 1166 671 &luxum
1186 655 1201 680 ‚
1223 621 1280 672 δε
1301 608 1589 699 quidquid
1610 606 1848 673 laudatis
1886 612 2106 683 Avari,

487 704 979 762 Commemorare
999 707 1157 790 piget
1177 749 1189 761 .
1213 707 1441 764 Fuerint
1457 698 1602 764 nihil
1624 702 1723 766 ista
1743 729 1755 764 :
1776 703 2043 767 recedant

485 796 757 861 Divitiae3
780 792 989 855 nudate
1009 797 1172 856 Lares
1191 840 1208 866 ,
1228 817 1411 857 arcete
1431 790 1688 867 colores;

484 883 727 946 Ostrum
746 886 909 948 abeat
928 912 941 954 3
965 885 1156 949 redeat
1176 892 1354 976 paries
1382 915 1396 958 3
1417 884 1469 949 se
1487 886 1696 952 nobilis
1717 884 1836 976 ipsa
1852 934 1871 960 ,

482 980 574 1038 Sic
597 1000 839 1066 quoque
857 975 977 1041 visa
995 983 1226 1041 Domus
1244 1026 1262 1049 ,
1280 986 1469 1070 pretio
1489 1004 1608 1043 non
1627 978 1849 1070 indiget
1876 1000 2076 1072 empto
2098 992 2114 1040 .’

145 1071 186 1121 S
187 1069 382 1145 trfflf‘rae
483 1073 707 1131 Rarum
727 1094 874 1160 opus
897 1117 913 1141 ,
932 1094 995 1134 ac
1015 1072 1271 1160 praestans
1293 1099 1305 1133 ε
1325 1097 1430 1135 nec
1449 1078 1606 1136 enim
1640 1075 1980 1163 quadrantia
1995 1075 2250 1137 Tectum

144 1134 377 1266 2222?ss
493 1161 780 1224 Scinditur
803 1168 861 1225 in
881 1160 1054 1225 latera
1074 1192 1087 1234 ·,
1112 1175 1168 1227 &
1188 1171 1421 1253 gemina
1436 1170 1532 1228 vix
1556 1187 1713 1255 parte
1731 1213 1749 1239 ,
1767 1188 2066 1231 remotum

385 1240 396 1251 ⁰
493 1258 584 1317 Ut
605 1250 747 1316 solet
770 1300 787 1326 ,
816 1276 1118 1344 exceptura
1135 1258 1294 1319 diem
1315 1258 1645 1322 :dominata
1672 1283 1772 1349 per
1790 1258 2053 1349 amplum

493 1343 776 1409 Machina
795 1353 1104 1411 circuitum
1123 1396 1140 1422 ,
1161 1356 1342 1412 ventis
1365 1372 1517 1438 patet
1536 1354 1806 1415 omnibus
1825 1359 2049 1416 omnis:

493 1434 652 1500 Turn
674 1435 809 1502 licet
832 1437 951 1503 haec
969 1439 1121 1503 aulas
1134 1440 1493 1506 discriminet
1526 1447 1652 1507 aula
1670 1470 1922 1509 mlnores

493 1530 780 1620 Undique
801 1560 814 1602 ·‚
835 1558 953 1595 non
974 1530 1090 1596 ulla
1108 1532 1203 1597 lux
1223 1533 1621 1600 intercluditur
1640 1536 1744 1600 ora
1760 1584 1774 1598 .

587 1624 814 1711 Syderis
837 1631 893 1687 in
912 1650 1140 1689 morem
1163 1674 1179 1699 ‚
1200 1625 1424 1691 alterno
1443 1634 1736 1693 Struciura
1753 1627 1950 1695 labore
1967 1676 1984 1702 ,

486 1713 814 1797 Qatuora
836 1715 988 1780 Coeli
1018 1715 1192 1809 longe
1214 1723 1544 1810 regionibus
1563 1729 1677 1785 exit
1696 1750 1710 1794 3

484 1808 876 1897 Extenditque
898 1834 1054 1899 pares
1075 1809 1169 1874 sua
1196 1838 1368 1903 regna
1388 1815 1701 1878 domestica
1718 1820 1774 1877 in
1793 1838 1921 1877 oras
1943 1841 1956 1876 ε

484 1906 650 1982 Qas
670 1901 872 1964 oculus
892 1904 1097 1967 mediae
1115 1927 1313 1968 centro
1333 1906 1663 1970 dominatus
1684 1909 1752 1971 ab
1772 1905 1937 1970 Aulae
1952 1951 1971 1979 ,

494 1997 549 2056 Α
572 1991 764 2056 fronte
782 2040 799 2065 ‚
821 1990 855 2056 a
881 2017 1046 2085 tergo
1065 2043 1081 2068 ,
1101 1994 1273 2060 latere
1301 2023 1368 2060 ex
1387 2019 1638 2089 utroque
1657 2046 1673 2071 ,
1697 2000 1913 2063 recedit

154 2082 212 2159 1²?
222 2100 266 2147 4·
284 2083 427 2158 larem
493 2085 780 2175 Undique
799 2092 857 2148 in
877 2086 1227 2151 immensum
1246 2090 1461 2154 directa
1489 2116 1588 2182 per
1606 2092 1748 2154 ostia
1769 2089 2018 2164 cursum,

155 2148 388 2213 dzspertztae
492 2182 856 2267 Metiturque
877 2203 994 2242 uno
1015 2182 1100 2244 bis
1123 2182 1256 2245 bina
1274 2181 1484 2246 Palatia
1503 2181 1624 2247 visu
1642 2232 1654 2244 .

157 2280 247 2329 Ad
261 2279 435 2356 totidem
495 2276 784 2359 Qotque
802 2276 968 2334 Lares
995 2278 1214 2336 circum
1235 2320 1250 2346 ,
1283 2296 1372 2338 tot
1390 2272 1537 2338 clara
1558 2274 1824 2340 Cavaedia
1842 2280 2060 2339 circum
2076 2323 2095 2350 >

156 2346 428 2458 Ξξζζῖῖἷᾯῖεν·
491 2367 559 2424 Et
577 2387 764 2452 patros
818 2373 1041 2426 circum
1060 2363 1273 2456 lapides
1295 2414 1307 2436 ,
1330 2363 1595 2457 spirantia
1613 2374 1785 2457 Signa

153 2429 397 2538 ἕενᾸᾸὲ-ἷξ
492 2452 793 2544 Conspicis
813 2503 829 2526 ,
850 2458 1090 2544 augusto
1112 2460 1361 2522 divortia
1380 2456 1574 2550 pulcra
1591 2457 1792 2525 labori.

165 2543 212 2591 Ρ
215 2542 318 2590 odia
331 2581 342 2592 ·
427 2610 433 2618 ,
496 2552 655 2609 Hinc
674 2543 859 2609 modo
878 2573 995 2610 non
1018 2548 1253 2637 plenum
1275 2560 1498 2641 *quaevis
1520 2550 1684 2642 plaga
1704 2554 1861 2615 ducit
1879 2549 2243 2643 Olympum3

503 2644 584 2701 At
605 2640 749 2701 dum
769 2647 1107 2703 marmoreis
1126 2647 1628 2709 intercurrentibus
1656 2647 1862 2709 orbem

182 2736 438 2795 Variiexin-
505 2732 832 2819 Aggeribus
852 2730 1118 2821 spatiatus
1137 2744 1255 2825 agis
1282 2785 1299 2809 ,
1334 2735 1618 2823 spectator
1638 2738 1830 2801 eundo

167 2801 427 2919 ἕξίξνθῶθ·
506 2828 787 2888 Percurris
805 2832 1031 2892 varium
1054 2837 1114 2890 in
1131 2836 1293 2897 varia
1311 2834 1568 2893 Statione
1586 2826 1877 2895 theatrum
1896 2877 1909 2892 .

2019 2925 2169 2994 Quae
