2341 3261
571 147 661 210 Ta·

475 174 673 306 Pastbr
705 260 818 331 ego
837 234 965 306 sum
983 241 1167 332 Regis
1183 244 1202 313 ζ
1229 245 1290 304 δε
1320 215 1420 305 hic·
1436 236 1588 306 {nihi
1607 236 1877 333 §affulu‘s'
1908 236 2100 326 infans

473 340 703 401 Unicus
725 335 804 400 est
823 362 836 397 ε
857 339 955 399 uni
976 339 1102 424 pius
1121 333 1242 398 esto
1260 381 1277 408 ,
1297 339 1360 400 in
1383 353 1585 400 caetera
1600 335 1777 401 durus
1796 383 1812 399 .

473 432 769 496 Omnibus
787 426 944 493 hunc
961 426 1137 492 haedis
1155 475 1174 502 ,
1193 433 1358 495 omni
1377 453 1554 521 grege
1570 477 1589 503 ,
1607 430 1795 496 bobus
1814 442 1874 496 δε
1891 438 2053 525 agnis

470 523 647 589 Miles
667 548 860 589 emam
878 551 893 595 ;
913 522 1067 588 dabo
1086 523 1425 597 Rur22dabo
1443 571 1462 597 ,
1480 527 1712 590 Natum
1730 532 1931 619 excipe
1948 574 1967 602 ,
1986 528 2196 592 cunita
2215 528 2235 586 Ξ
2263 571 2265 574 -

469 623 709 682 Eminus
730 616 851 682 haec
867 642 1059 711 prono
1094 613 1300 683 frustra
1326 617 1399 684 de
1414 623 1633 685 vertice
1658 623 1817 684 iacto
1834 668 1855 695 ,

467 714 893 804 Praecipitoque
909 737 1102 778 moras
1123 740 1136 776 ε
1158 738 1263 778 nec
1288 714 1389 779 ubi
1406 713 1648 804 vestigia
1666 737 1889 806 ponam

465 812 680 881 Certa,
699 827 943 873 monent
961 805 1120 873 oculi
1139 855 1152 870 .
1171 813 1312 872 Sum
1339 806 1660 900 Daphnide
1691 827 1849 874 totus
1885 813 1948 875 in
1974 816 2099 893 uno

464 906 683 967 Funera
699 907 902 995 iniqua
927 900 1121 994 lege-ns
1142 950 1158 976 ,
1178 899 1590 994 indeflexoque
1610 900 1810 968 videre

463 1000 713 1060 Lumine
729 1043 748 1070 ,
769 1022 898 1088 quae
912 995 1081 1065 volui
1108 1021 1412 1090 nunquam
1428 995 1627 1063 vidiffe
1642 1044 1661 1072 ,
1679 993 1958 1064 volebam
1976 1009 2000 1074 ‚'

461 1094 701 1182 Nempe
719 1090 880 1157 oculi
899 1091 1226 1158 rediturum
1242 1089 1428 1157 oculis
1446 1088 1685 1155 hausere
1702 1088 1998 1173 dolorm-12

555 1180 778 1249 Interea
795 1187 944 1277 quid
962 1212 1084 1251 non
1101 1185 1357 1277 agitabas
1381 1182 1419 1250 ὸ
1445 1185 1602 1250 bona
1628 1204 1848 1250 mater!

461 1281 523 1342 O
539 1280 773 1370 Tuguri
791 1281 950 1345 bona
966 1281 1135 1346 turba
1153 1298 1166 1344 ι
1187 1299 1351 1372 parat
1366 1303 1496 1371 pars
1514 1276 1615 1343 illa
1629 1277 1827 1344 fideles

460 1374 617 1438 Vitae
635 1372 899 1439 custodes
919 1371 1162 1440 latebras
1182 1401 1196 1446 3
1217 1394 1374 1438 tenet
1392 1369 1569 1438 altera
1584 1376 1816 1438 Natum
1834 1380 1857 1446 ς’

456 1461 665 1530 Altera
681 1467 987 1533 contendit
1004 1469 1270 1533 manibus
1297 1466 1584 1533 divertere
1608 1463 1832 1531 ferrum
1852 1493 1868 1528 ε

458 1563 600 1624 Heu
621 1580 816 1627 tamen
837 1580 850 1626 ε
871 1559 987 1626 heu
1014 1586 1294 1627 renovem
1312 1561 1459 1654 quid
1478 1586 1591 1653 ego
1610 1581 1708 1625 tua
1727 1557 1930 1626 funera
1954 1561 2226 1655 Daphnis?

459 1649 637 1717 Illum
658 1659 1010 1747 iterumque,
1028 1661 1360 1747 iterumque
1378 1652 1512 1720 ferit
1529 1652 1684 1719 mala
1701 1651 1886 1746 cuspis
1909 1683 1921 1717 ε
1941 1657 2164 1748 ubique

450 1743 624 1838 Plaga
642 1748 722 1813 fit.
741 1755 1033 1816 Innocuus
1060 1747 1190 1814 fluit
1208 1748 1489 1840 undique>
1511 1760 1571 1813 &
1588 1748 1850 1839 undique
1868 1746 2117 1839 sanguis:

450 1843 596 1902 Haec
616 1868 728 1926 ego
749 1854 1222 1909 commemorans
1241 1849 1387 1910 vivo
1405 1865 1602 1908 tamen
1622 1858 1644 1906 ἒ
1665 1839 1750 1907 oh
1769 1867 1881 1933 ego
1902 1868 2002 1907 cur
2035 1848 2128 1907 Te

450 1927 628 1997 Miles
650 1935 852 2021 inique
868 1984 887 2004 2
905 1959 1139 2003 cruente
1159 1986 1177 2012 ‚
1200 1935 1368 2002 ferox
1387 1985 1405 2012 ,
1426 1962 1542 2002 non
1564 1932 1717 2000 colla
1735 1934 2088 2027 prehensum

451 2021 742 2113 Discerpsl
764 2038 782 2085 ?
810 2047 912 2089 cul·
930 2050 1051 2087 110ss
1072 2049 1089 2087 ὲ
1116 2028 1212 2097 sed
1231 2057 1411 2124 opem
1427 2031 1558 2124 post
1578 2028 1781 2094 funera
1807 2027 2062 2095 ferrem?

452 2122 560 2182 Me
588 2115 867 2180 miserum
888 2130 902 2178 Ι
922 2122 1092 2208 potui
1154 2127 1356 2189 ecudes
1391 2122 1702 2190 defendere
1720 2124 1792 2188 ab
1811 2120 1948 2187 urfis
1965 2171 1987 2198 ,

449 2217 606 2302 Saepe
625 2207 827 2301 fugare
843 2206 1045 2301 lupam
1063 2257 1081 2284 ,
1128 2236 1293 2302 ruges
1313 2211 1628 2278 subducere
1645 2217 1853 2280 nimbo
1870 2264 1890 2291 ,

448 2309 547 2369 To
557 2326 928 2395 trentemque
945 2309 1088 2368 Satis
1109 2330 1300 2370 arcere
1318 2354 1336 2380 ‚
1355 2305 1679 2400 mapalibus
1697 2313 1897 2399 ignem
1917 2335 1934 2384 5

451 2403 582 2463 Uni
602 2423 707 2463 nec
725 2402 896 2489 potui
924 2394 1152 2463 tantum
1183 2399 1444 2491 prodeffe
1462 2398 1663 2466 Puello
1689 2417 1709 2464 Ξ

449 2488 659 2557 Infelix
685 2509 696 2555 ε
717 2495 884 2556 Nato
905 2497 1033 2582 quis
1053 2490 1220 2558 suafit
1236 2495 1393 2560 abire
1418 2492 1626 2561 reliCto

448 2590 872 2677 Longinquum
891 2594 911 2647 ἒ
930 2605 1028 2649 aut
1049 2583 1161 2651 una
1179 2612 1280 2652 cur
1296 2613 1419 2657 non
1438 2594 1498 2653 in
1516 2586 1722 2681 pascua
1742 2587 2053 2682 Daphnini'

447 2680 684 2744 Deduxi
705 2695 725 2742 ἓ
767 2677 1003 2745 venisset
1021 2685 1179 2745 enim
1201 2708 1213 2743 :
1235 2691 1362 2747 tum
1380 2683 1423 2750 fi
1442 2707 1559 2775 qua
1583 2678 1904 2750 furentum'

447 2778 539 2837 Ira
557 2770 751 2838 virum
768 2773 968 2839 striGto
988 2773 1244 2841 tentasset
1261 2775 1579 2871 Daphnida
1596 2775 1752 2844 ferro
1771 2781 1810 2852 ς’
1922 2855 1958 2874 ἢ

446 2866 620 2953 Qid
635 2891 759 2958 αρε
779 2865 1031 2958 ‚feciffsm
1050 2878 1070 2959 ἕ.
1088 2873 1334 2963 Merum
1351 2870 1465 2963 iuis
1482 2892 1612 2939 ante
1627 2872 1880 2964 gerenda
1977 2898 1979 2900 “

1826 2972 1945 3034 Res
1986 2987 2110 3036 erat
