2341 3261
1656 195 1713 241 19

54 270 273 329 Laetum
289 266 470 353 aperit
486 264 753 325 Domino
772 263 1044 322 Portum:
1079 259 1236 323 Cum
1254 259 1511 350 pondere
1541 284 1765 352 magnae

55 355 229 420 Feffus
248 352 495 419 fortunae
513 401 530 426 ‚
551 349 755 444 procul
772 348 803 413 a
820 349 1194 442 popularibus
1215 351 1380 416 undis
1398 398 1417 426 ,

53 446 263 513 Dulcia
281 453 512 538 privata:
530 442 762 536 suspirat
781 445 990 532 gaudia
1007 451 1137 508 vitae
1154 493 1168 506 .

145 545 235 602 Ut
254 536 457 602 iussum
476 538 734 600 indueret
753 533 915 598 tellus
936 543 1156 627 ingrata
1189 537 1458 601 decorem
1479 584 1497 610 ‚

52 629 171 695 Hic
190 630 449 719 cogenda
469 627 581 692 fuit
599 675 611 689 .
647 624 831 691 Collis
869 626 979 691 fuit
1013 649 1140 691 ante
1160 629 1484 693 domandus
1506 677 1519 690 .

53 721 152 787 Ille
171 744 287 786 erat
307 719 664 786 horrendum
682 743 926 810 praeceps
950 749 962 790 3
983 745 1135 783 nunc
1153 745 1360 809 aggere
1379 719 1590 785 fractus

49 812 370 906 Multiplici
390 861 404 886 ,
423 809 628 906 paffim
645 813 930 875 admirans
949 835 1103 875 nova
1121 809 1346 900 surgere
1368 810 1605 878 claustra
1622 860 1641 889 ,

48 906 337 979 Subsidet3
360 917 418 970 &
436 911 616 970 crevit
650 905 938 968 constrato
972 902 1159 994 gloria
1191 901 1368 968 Clivo
1390 950 1402 964 .

47 1006 329 1091 Namque
347 996 480 1062 alias
502 998 664 1089 {uper
681 1018 853 1086 atque
871 993 1004 1060 alias
1024 1044 1040 1068 ,
1077 993 1336 1087 suspensa
1354 995 1641 1087 gradatim

47 1091 310 1184 Explicat
328 1089 543 1155 areolas
563 1087 726 1153 tellus
745 1136 758 1149 .
798 1094 1028 1153 Miraris
1064 1110 1297 1152 euntem

48 1191 290 1249 Circum
306 1208 408 1275 per
424 1189 558 1272 iuga
617 1180 876 1245 lanitiem
895 1208 907 1243 ε
929 1206 1107 1271 quam
1126 1184 1319 1246 creber
1338 1183 1619 1267 inrorbem
1638 1226 1656 1254 ,

46 1277 350 1342 Convestit
366 1282 551 1367 paries
571 1207 752 1338 lorica
769 1271 1023 1363 fulgidus
1044 1271 1202 1347 alb&

46 1375 116 1433 Et
134 1367 375 1433 tremule
395 1365 619 1458 fulgens
641 1363 998 1430 clathrorum
1015 1364 1296 1457 plurimus
1322 1366 1470 1430 ordo
1494 1393 1505 1428 ε

44 1459 353 1552 Multaque
374 1459 717 1550 consurgens
736 1464 986 1522 miniatae
1004 1455 1298 1523 arbuscula
1318 1458 1465 1522 testae
1487 1486 1499 1518 :

43 1560 163 1618 Ver
181 1557 279 1619 ubi
316 1567 374 1618 δε
407 1561 738 1618 Autumnus
773 1577 1033 1642 cumpro
1054 1551 1377 1615 diademate
1399 1572 1649 1621 certent3

41 1650 164 1711 Tot
185 1646 416 1710 rutilant
433 1694 450 1720 ,
471 1667 618 1736 quot
637 1642 849 1709 habent
871 1643 1032 1708 Flora
1052 1691 1067 1716 ,
1104 1656 1160 1707 ὃς
1182 1650 1440 1707 Pomona
1462 1641 1683 1706 colores
1703 1693 1718 1706 .

136 1741 304 1821 Qid
322 1738 570 1803 referam
589 1735 742 1801 celso
761 1739 1124 1800 dominantes
1144 1734 1367 1799 fornice
1387 1736 1602 1824 Xystos
1624 1751 1641 1797 ἓ

43 1833 213 1913 Qid
233 1828 435 1923 paffim
453 1836 636 1894 aerios
655 1831 935 1894 vibrantia
954 1853 1247 1892 marmora
1265 1826 1451 1891 fontes
1471 1874 1489 1899 ‚
1877 1883 2039 1934 Dm‘Ja
2061 1882 2096 1928 ά

43 1922 340 1988 Vestibula
365 1972 381 1996 ,
405 1936 461 1987 ὃς
481 1919 743 2015 Speculas
764 1968 780 1993 ,
799 1942 971 2011 atque
993 1925 1174 1984 Arcus
1195 1968 1210 1992 2
1232 1921 1521 2010 <luotaque
1541 1924 1760 1984 circum
1808 1948 2106 2012 Longobardis

43 2022 211 2080 Atria
232 2033 247 2078 ?
270 2029 327 2080 δε
347 2023 516 2080 eximi
523 2041 568 2099 Js
587 2021 821 2104 Regum
841 2011 1158 2077 Conclavia
1178 2017 1447 2076 Avorum
1802 2018 1993 2079 Regibus
2007 2016 2113 2073 origo

43 2107 248 2172 Gavisa
267 2115 325 2172 in
344 2105 548 2174 tabulis
569 2107 889 2170 redivivam
907 2106 1203 2169 ostendere
1225 2110 1476 2168 Gentem
1495 2114 1516 2167 ,ἓ
1801 2148 1919 2199 Aliae
1948 2147 1991 2192 in
2018 2141 2139 2192 Hal.

40 2205 183 2264 Haec
200 2222 393 2265 tamen
411 2196 644 2264 excultae
661 2195 798 2261 felix
817 2195 1124 2289 opulentiae
1141 2195 1309 2260 Villae
1326 2244 1343 2268 ,
1786 2215 1900 2277 ladij
1913 2229 1965 2260 ac
1985 2209 2139 2259 Fronn'

38 2297 287 2356 Vincere
305 2312 423 2357 non
443 2290 623 2384 speret
639 2337 656 2363 ,
675 2316 794 2354 non
813 2288 985 2382 longe
1003 2314 1223 2380 aequare
1244 2287 1549 2380 superbum
1791 2278 1987 2392 θρὶξω

40 2386 285 2449 AEdibus
306 2383 647 2459 Halladium
664 2411 678 2453 3
699 2409 818 2446 non
837 2381 1020 2446 hortis
1041 2379 1236 2446 nobile
1255 2389 1531 2445 Frontum
1552 2396 1580 2442 τ’
1808 2351 1996 2461 ἑζχιίξξ
2008 2358 2068 2457 ‚ac

42 2481 425 2566 Qamquam
443 2475 549 2558 hec
567 2483 938 2540 immemores
959 2479 1272 2545 Dom-inOS,
1292 2474 1793 2565 auru-mqmegatu,

40 2566 368 2632 Posthabita
386 2565 680 2633 immerito
700 2615 716 2639 ,
737 2564 1068 2657 desertaque
1086 2572 1244 2629 Rura
1265 2588 1575 2655 querantur
1593 2613 1607 2627 .

132 2660 408 2724 Necdum
441 2683 564 2725 tota
584 2659 734 2750 fugit
753 2658 1017 2750 descripti
1037 2663 1209 2723 Ruris
1227 2664 1426 2748 imago
1446 2704 1462 2730 ,

39 2756 406 2907 Erifiturque
424 2752 638 2824 oculis;
659 2752 845 2815 cristas
864 2749 1086 2815 attollit.
1109 2749 1301 2813 eundo

42 2841 137 2908 Pal
163 2852 413 2913 avicinus
432 2871 574 2938 apex
591 2891 605 2902 ·
638 2841 910 2910 Praecelsae
929 2841 1109 2907 Molis
1130 2840 1418 2912 honorem

901 2943 954 3002 C
1003 2961 1037 3001 2
1588 2938 1698 2998 Ex-
