<?xml version="1.0" encoding="UTF-8"?>
<!DOCTYPE html PUBLIC "-//W3C//DTD XHTML 1.0 Transitional//EN"
    "http://www.w3.org/TR/xhtml1/DTD/xhtml1-transitional.dtd">
<html xmlns="http://www.w3.org/1999/xhtml" xml:lang="en" lang="en">
 <head>
  <title>
</title>
<meta http-equiv="Content-Type" content="text/html;charset=utf-8" />
  <meta name='ocr-system' content='tesseract 3.04.00' />
  <meta name='ocr-capabilities' content='ocr_page ocr_carea ocr_par ocr_line ocrx_word'/>
</head>
<body>
  <div class='ocr_page' id='page_1' title='image "./regiaevillaepoet00audi_0130.png"; bbox 0 0 2341 3261; ppageno 0'>
   <div class='ocr_carea' id='block_1_1' title="bbox 458 138 1832 279">
    <p class='ocr_par' dir='ltr' id='par_1_1' title="bbox 458 138 1832 279">
     <span class='ocr_line' id='line_1_1' title="bbox 458 138 1832 279; baseline 0.005 -34"><span class='ocrx_word' id='word_1_1' title='bbox 458 138 804 272; x_wconf 49' lang='lat' dir='ltr'>Cbiripinnt</span> <span class='ocrx_word' id='word_1_2' title='bbox 823 182 1025 246; x_wconf 83' lang='lat' dir='ltr'>nimbo</span> <span class='ocrx_word' id='word_1_3' title='bbox 1047 178 1253 246; x_wconf 79' lang='lat' dir='ltr'>ssmiles</span> <span class='ocrx_word' id='word_1_4' title='bbox 1273 230 1289 256; x_wconf 84' lang='lat'>,</span> <span class='ocrx_word' id='word_1_5' title='bbox 1312 190 1552 276; x_wconf 77' lang='lat' dir='ltr'>ruptisq3</span> <span class='ocrx_word' id='word_1_6' title='bbox 1578 187 1832 279; x_wconf 60' lang='lat' dir='ltr'>procella</span> 
     </span>
    </p>
   </div>
   <div class='ocr_carea' id='block_1_2' title="bbox 396 275 2106 2884">
    <p class='ocr_par' dir='ltr' id='par_1_2' title="bbox 396 275 2106 2884">
     <span class='ocr_line' id='line_1_2' title="bbox 457 275 1884 349; baseline 0.007 -11"><span class='ocrx_word' id='word_1_7' title='bbox 457 275 809 339; x_wconf 84' lang='lat' dir='ltr'>Fulminibus</span> <span class='ocrx_word' id='word_1_8' title='bbox 829 322 841 335; x_wconf 89' lang='lat'><strong>.</strong></span> <span class='ocrx_word' id='word_1_9' title='bbox 872 280 1016 338; x_wconf 83' lang='lat' dir='ltr'>Non</span> <span class='ocrx_word' id='word_1_10' title='bbox 1035 299 1168 339; x_wconf 86' lang='lat' dir='ltr'>tunc</span> <span class='ocrx_word' id='word_1_11' title='bbox 1189 275 1381 349; x_wconf 86' lang='lat' dir='ltr'>oculi,</span> <span class='ocrx_word' id='word_1_12' title='bbox 1400 305 1518 342; x_wconf 88' lang='lat' dir='ltr'>non</span> <span class='ocrx_word' id='word_1_13' title='bbox 1537 307 1639 344; x_wconf 89' lang='lat' dir='ltr'>ora</span> <span class='ocrx_word' id='word_1_14' title='bbox 1658 289 1884 348; x_wconf 88' lang='lat' dir='ltr'>moveri</span> 
     </span>
     <span class='ocr_line' id='line_1_3' title="bbox 455 366 1942 467; baseline 0.007 -37"><span class='ocrx_word' id='word_1_15' title='bbox 455 374 862 458; x_wconf 66' lang='lat' dir='ltr'>Spetstantum:</span> <span class='ocrx_word' id='word_1_16' title='bbox 888 373 1078 432; x_wconf 90' lang='lat' dir='ltr'>Voces</span> <span class='ocrx_word' id='word_1_17' title='bbox 1101 366 1368 458; x_wconf 67' lang='lat' dir='ltr'>suspensa*</span> <span class='ocrx_word' id='word_1_18' title='bbox 1386 418 1402 442; x_wconf 82' lang='grc'>,</span> <span class='ocrx_word' id='word_1_19' title='bbox 1424 383 1482 434; x_wconf 73' lang='grc' dir='ltr'>δε</span> <span class='ocrx_word' id='word_1_20' title='bbox 1503 368 1705 462; x_wconf 73' lang='lat' dir='ltr'>pressus</span> <span class='ocrx_word' id='word_1_21' title='bbox 1726 379 1942 467; x_wconf 86' lang='lat' dir='ltr'>ubique</span> 
     </span>
     <span class='ocr_line' id='line_1_4' title="bbox 456 457 1937 550; baseline 0.006 -26"><span class='ocrx_word' id='word_1_22' title='bbox 456 465 697 550; x_wconf 81' lang='lat' dir='ltr'>Spiritus</span> <span class='ocrx_word' id='word_1_23' title='bbox 719 487 731 520; x_wconf 93' lang='lat'>:</span> <span class='ocrx_word' id='word_1_24' title='bbox 767 459 944 549; x_wconf 85' lang='lat' dir='ltr'>usque</span> <span class='ocrx_word' id='word_1_25' title='bbox 963 457 1107 523; x_wconf 78' lang='lat' dir='ltr'>adeo</span> <span class='ocrx_word' id='word_1_26' title='bbox 1127 467 1356 525; x_wconf 87' lang='lat' dir='ltr'>intentis</span> <span class='ocrx_word' id='word_1_27' title='bbox 1377 466 1672 531; x_wconf 90' lang='lat' dir='ltr'>obtutibus</span> <span class='ocrx_word' id='word_1_28' title='bbox 1692 467 1937 542; x_wconf 78' lang='lat' dir='ltr'>haerent3</span> 
     </span>
     <span class='ocr_line' id='line_1_5' title="bbox 455 552 2083 653; baseline 0.006 -34"><span class='ocrx_word' id='word_1_29' title='bbox 455 557 621 630; x_wconf 84' lang='lat' dir='ltr'>Quid</span> <span class='ocrx_word' id='word_1_30' title='bbox 642 579 807 617; x_wconf 84' lang='lat' dir='ltr'>mora</span> <span class='ocrx_word' id='word_1_31' title='bbox 827 577 998 641; x_wconf 83' lang='lat' dir='ltr'>parva</span> <span class='ocrx_word' id='word_1_32' title='bbox 1018 552 1385 621; x_wconf 79' lang='lat' dir='ltr'>ferat-Dubio</span> <span class='ocrx_word' id='word_1_33' title='bbox 1406 564 1463 622; x_wconf 92' lang='lat' dir='ltr'>in</span> <span class='ocrx_word' id='word_1_34' title='bbox 1484 557 1812 624; x_wconf 86' lang='lat' dir='ltr'>discrimine</span> <span class='ocrx_word' id='word_1_35' title='bbox 1831 561 2083 653; x_wconf 89' lang='lat' dir='ltr'>pendent</span> 
     </span>
     <span class='ocr_line' id='line_1_6' title="bbox 452 645 1860 743; baseline 0.004 -32"><span class='ocrx_word' id='word_1_36' title='bbox 452 660 586 743; x_wconf 81' lang='lat' dir='ltr'>Spes</span> <span class='ocrx_word' id='word_1_37' title='bbox 609 648 841 737; x_wconf 79' lang='lat' dir='ltr'>trepidae</span> <span class='ocrx_word' id='word_1_38' title='bbox 862 694 874 707; x_wconf 91' lang='lat'><strong>.</strong></span> <span class='ocrx_word' id='word_1_39' title='bbox 897 645 1167 739; x_wconf 89' lang='lat' dir='ltr'>Obliquo</span> <span class='ocrx_word' id='word_1_40' title='bbox 1187 675 1305 713; x_wconf 90' lang='lat' dir='ltr'>non</span> <span class='ocrx_word' id='word_1_41' title='bbox 1322 647 1404 713; x_wconf 91' lang='lat' dir='ltr'>illi</span> <span class='ocrx_word' id='word_1_42' title='bbox 1425 653 1656 716; x_wconf 88' lang='lat' dir='ltr'>tendere</span> <span class='ocrx_word' id='word_1_43' title='bbox 1675 678 1824 743; x_wconf 84' lang='lat' dir='ltr'>gyro</span> <span class='ocrx_word' id='word_1_44' title='bbox 1844 681 1860 725; x_wconf 87' lang='lat'>;</span> 
     </span>
     <span class='ocr_line' id='line_1_7' title="bbox 452 744 1921 837; baseline 0.001 -28"><span class='ocrx_word' id='word_1_45' title='bbox 452 753 638 837; x_wconf 82' lang='lat' dir='ltr'>Seque</span> <span class='ocrx_word' id='word_1_46' title='bbox 656 768 863 834; x_wconf 80' lang='lat' dir='ltr'>negare</span> <span class='ocrx_word' id='word_1_47' title='bbox 881 764 1084 834; x_wconf 86' lang='lat' dir='ltr'>parant</span> <span class='ocrx_word' id='word_1_48' title='bbox 1102 748 1351 807; x_wconf 89' lang='lat' dir='ltr'>venienti</span> <span class='ocrx_word' id='word_1_49' title='bbox 1386 751 1446 809; x_wconf 89' lang='lat' dir='ltr'>in</span> <span class='ocrx_word' id='word_1_50' title='bbox 1479 752 1714 837; x_wconf 62' lang='lat' dir='ltr'>pedtora</span> <span class='ocrx_word' id='word_1_51' title='bbox 1733 744 1885 812; x_wconf 91' lang='lat' dir='ltr'>Telo</span> <span class='ocrx_word' id='word_1_52' title='bbox 1905 775 1921 821; x_wconf 76' lang='lat'>3</span> 
     </span>
     <span class='ocr_line' id='line_1_8' title="bbox 454 834 1982 928; baseline -0.001 -23"><span class='ocrx_word' id='word_1_53' title='bbox 454 849 660 905; x_wconf 78' lang='lat' dir='ltr'>Fronte</span> <span class='ocrx_word' id='word_1_54' title='bbox 680 836 775 903; x_wconf 91' lang='lat' dir='ltr'>sed</span> <span class='ocrx_word' id='word_1_55' title='bbox 793 834 1029 901; x_wconf 82' lang='lat' dir='ltr'>adversa</span> <span class='ocrx_word' id='word_1_56' title='bbox 1048 883 1064 908; x_wconf 85' lang='grc'>,</span> <span class='ocrx_word' id='word_1_57' title='bbox 1085 834 1444 928; x_wconf 84' lang='lat' dir='ltr'>adversisque</span> <span class='ocrx_word' id='word_1_58' title='bbox 1464 846 1523 901; x_wconf 91' lang='lat' dir='ltr'>in</span> <span class='ocrx_word' id='word_1_59' title='bbox 1542 836 1695 902; x_wconf 88' lang='lat' dir='ltr'>scuta</span> <span class='ocrx_word' id='word_1_60' title='bbox 1721 837 1982 905; x_wconf 90' lang='lat' dir='ltr'>feruntur</span> 
     </span>
     <span class='ocr_line' id='line_1_9' title="bbox 456 928 1953 1027; baseline -0.002 -26"><span class='ocrx_word' id='word_1_61' title='bbox 456 933 821 1027; x_wconf 86' lang='lat' dir='ltr'>Cuspidibus.</span> <span class='ocrx_word' id='word_1_62' title='bbox 842 938 990 998; x_wconf 91' lang='lat' dir='ltr'>Non</span> <span class='ocrx_word' id='word_1_63' title='bbox 1008 929 1050 994; x_wconf 87' lang='lat' dir='ltr'>fi</span> <span class='ocrx_word' id='word_1_64' title='bbox 1069 951 1193 993; x_wconf 89' lang='lat' dir='ltr'>ruat</span> <span class='ocrx_word' id='word_1_65' title='bbox 1211 928 1439 1003; x_wconf 83' lang='lat' dir='ltr'>AEther‚</span> <span class='ocrx_word' id='word_1_66' title='bbox 1466 936 1647 996; x_wconf 87' lang='lat' dir='ltr'>Terra</span> <span class='ocrx_word' id='word_1_67' title='bbox 1666 930 1918 998; x_wconf 86' lang='lat' dir='ltr'>dehiscat</span> <span class='ocrx_word' id='word_1_68' title='bbox 1937 961 1953 1006; x_wconf 75' lang='lat'>3</span> 
     </span>
     <span class='ocr_line' id='line_1_10' title="bbox 457 1020 1950 1116; baseline -0.005 -19"><span class='ocrx_word' id='word_1_69' title='bbox 457 1028 810 1097; x_wconf 85' lang='lat' dir='ltr'>Horridiore</span> <span class='ocrx_word' id='word_1_70' title='bbox 829 1025 1126 1091; x_wconf 82' lang='lat' dir='ltr'>Elementa</span> <span class='ocrx_word' id='word_1_71' title='bbox 1146 1020 1348 1087; x_wconf 85' lang='lat' dir='ltr'>sonent</span> <span class='ocrx_word' id='word_1_72' title='bbox 1381 1023 1645 1088; x_wconf 74' lang='lat' dir='ltr'>conculsa</span> <span class='ocrx_word' id='word_1_73' title='bbox 1686 1022 1917 1116; x_wconf 80' lang='lat' dir='ltr'>fragore</span> <span class='ocrx_word' id='word_1_74' title='bbox 1937 1054 1950 1100; x_wconf 82' lang='lat'>3</span> 
     </span>
     <span class='ocr_line' id='line_1_11' title="bbox 458 1113 1861 1206; baseline -0.004 -19"><span class='ocrx_word' id='word_1_75' title='bbox 458 1132 662 1206; x_wconf 77' lang='lat' dir='ltr'>th</span> <span class='ocrx_word' id='word_1_76' title='bbox 681 1120 815 1186; x_wconf 75' lang='lat' dir='ltr'>cum</span> <span class='ocrx_word' id='word_1_77' title='bbox 835 1116 1104 1184; x_wconf 63' lang='lat' dir='ltr'>collecTtas</span> <span class='ocrx_word' id='word_1_78' title='bbox 1123 1113 1447 1183; x_wconf 84' lang='lat' dir='ltr'>furibundis</span> <span class='ocrx_word' id='word_1_79' title='bbox 1465 1116 1715 1184; x_wconf 80' lang='lat' dir='ltr'>cursibus</span> <span class='ocrx_word' id='word_1_80' title='bbox 1753 1126 1861 1182; x_wconf 84' lang='lat' dir='ltr'>iras</span> 
     </span>
     <span class='ocr_line' id='line_1_12' title="bbox 459 1210 2029 1303; baseline -0.003 -22"><span class='ocrx_word' id='word_1_81' title='bbox 459 1226 805 1287; x_wconf 79' lang='lat' dir='ltr'>Exonerare,</span> <span class='ocrx_word' id='word_1_82' title='bbox 825 1216 1026 1278; x_wconf 86' lang='lat' dir='ltr'>datum</span> <span class='ocrx_word' id='word_1_83' title='bbox 1045 1213 1122 1275; x_wconf 87' lang='lat' dir='ltr'>est</span> <span class='ocrx_word' id='word_1_84' title='bbox 1145 1260 1157 1273; x_wconf 89' lang='lat'>.</span> <span class='ocrx_word' id='word_1_85' title='bbox 1179 1219 1470 1303; x_wconf 82' lang='lat' dir='ltr'>Crepuere</span> <span class='ocrx_word' id='word_1_86' title='bbox 1488 1214 1841 1278; x_wconf 85' lang='lat' dir='ltr'>umbonibus</span> <span class='ocrx_word' id='word_1_87' title='bbox 1860 1210 2029 1277; x_wconf 82' lang='lat' dir='ltr'>hastae</span> 
     </span>
     <span class='ocr_line' id='line_1_13' title="bbox 459 1304 1906 1398; baseline -0.003 -23"><span class='ocrx_word' id='word_1_88' title='bbox 459 1308 770 1375; x_wconf 84' lang='lat' dir='ltr'>Terribiles</span> <span class='ocrx_word' id='word_1_89' title='bbox 793 1336 804 1370; x_wconf 90' lang='lat'><strong>:</strong></span> <span class='ocrx_word' id='word_1_90' title='bbox 827 1306 1131 1398; x_wconf 56' lang='lat' dir='ltr'>praefraetae</span> <span class='ocrx_word' id='word_1_91' title='bbox 1149 1311 1293 1369; x_wconf 83' lang='lat' dir='ltr'>acies</span> <span class='ocrx_word' id='word_1_92' title='bbox 1313 1351 1330 1376; x_wconf 82' lang='lat'>‚</span> <span class='ocrx_word' id='word_1_93' title='bbox 1361 1304 1710 1396; x_wconf 62' lang='lat' dir='ltr'>difiezstaque</span> <span class='ocrx_word' id='word_1_94' title='bbox 1731 1304 1906 1370; x_wconf 88' lang='lat' dir='ltr'>Coelo</span> 
     </span>
     <span class='ocr_line' id='line_1_14' title="bbox 463 1396 1998 1491; baseline -0.005 -23"><span class='ocrx_word' id='word_1_95' title='bbox 463 1409 605 1469; x_wconf 77' lang='lat' dir='ltr'>AEra</span> <span class='ocrx_word' id='word_1_96' title='bbox 623 1403 857 1472; x_wconf 80' lang='lat' dir='ltr'>volant,</span> <span class='ocrx_word' id='word_1_97' title='bbox 880 1414 935 1464; x_wconf 66' lang='lat'>6&lt;</span> <span class='ocrx_word' id='word_1_98' title='bbox 959 1398 1115 1462; x_wconf 89' lang='lat' dir='ltr'>mille</span> <span class='ocrx_word' id='word_1_99' title='bbox 1145 1406 1417 1462; x_wconf 82' lang='lat' dir='ltr'>micantia</span> <span class='ocrx_word' id='word_1_100' title='bbox 1437 1396 1665 1490; x_wconf 80' lang='lat' dir='ltr'>fulgura</span> <span class='ocrx_word' id='word_1_101' title='bbox 1689 1420 1965 1491; x_wconf 79' lang='lat' dir='ltr'>rumpunt</span> <span class='ocrx_word' id='word_1_102' title='bbox 1984 1447 1998 1461; x_wconf 92' lang='lat'><strong><em>.</em></strong></span> 
     </span>
     <span class='ocr_line' id='line_1_15' title="bbox 558 1489 2097 1584; baseline -0.001 -27"><span class='ocrx_word' id='word_1_103' title='bbox 558 1491 807 1584; x_wconf 79' lang='lat' dir='ltr'>Anglica</span> <span class='ocrx_word' id='word_1_104' title='bbox 827 1539 843 1563; x_wconf 66' lang='lat'>2</span> <span class='ocrx_word' id='word_1_105' title='bbox 864 1519 976 1583; x_wconf 71' lang='lat' dir='ltr'>que</span> <span class='ocrx_word' id='word_1_106' title='bbox 996 1498 1292 1582; x_wconf 80' lang='lat' dir='ltr'>Argivum</span> <span class='ocrx_word' id='word_1_107' title='bbox 1312 1492 1576 1557; x_wconf 85' lang='lat' dir='ltr'>stravissct</span> <span class='ocrx_word' id='word_1_108' title='bbox 1597 1500 1761 1583; x_wconf 83' lang='lat' dir='ltr'>pinus</span> <span class='ocrx_word' id='word_1_109' title='bbox 1780 1489 2097 1566; x_wconf 77' lang='lat' dir='ltr'>Achillem,</span> 
     </span>
     <span class='ocr_line' id='line_1_16' title="bbox 466 1583 2096 1676; baseline -0.001 -25"><span class='ocrx_word' id='word_1_110' title='bbox 466 1593 726 1671; x_wconf 85' lang='lat' dir='ltr'>(Tantus</span> <span class='ocrx_word' id='word_1_111' title='bbox 747 1594 803 1649; x_wconf 93' lang='lat' dir='ltr'>in</span> <span class='ocrx_word' id='word_1_112' title='bbox 827 1585 989 1650; x_wconf 89' lang='lat' dir='ltr'>hoste</span> <span class='ocrx_word' id='word_1_113' title='bbox 1009 1585 1365 1676; x_wconf 78' lang='lat' dir='ltr'>vigor)nulla</span> <span class='ocrx_word' id='word_1_114' title='bbox 1386 1584 1481 1650; x_wconf 75' lang='lat' dir='ltr'>hic</span> <span class='ocrx_word' id='word_1_115' title='bbox 1503 1593 1558 1648; x_wconf 89' lang='lat' dir='ltr'>in</span> <span class='ocrx_word' id='word_1_116' title='bbox 1579 1583 1811 1649; x_wconf 86' lang='lat' dir='ltr'>Achille</span> <span class='ocrx_word' id='word_1_117' title='bbox 1832 1586 2096 1650; x_wconf 82' lang='lat' dir='ltr'>Sabaudo</span> 
     </span>
     <span class='ocr_line' id='line_1_17' title="bbox 466 1676 2052 1770; baseline -0.002 -25"><span class='ocrx_word' id='word_1_118' title='bbox 466 1687 629 1745; x_wconf 90' lang='lat' dir='ltr'>Tum</span> <span class='ocrx_word' id='word_1_119' title='bbox 648 1678 758 1743; x_wconf 89' lang='lat' dir='ltr'>fuit</span> <span class='ocrx_word' id='word_1_120' title='bbox 778 1728 790 1740; x_wconf 93' lang='lat'><strong>.</strong></span> <span class='ocrx_word' id='word_1_121' title='bbox 818 1685 907 1742; x_wconf 88' lang='lat' dir='ltr'>Ut</span> <span class='ocrx_word' id='word_1_122' title='bbox 926 1701 1101 1743; x_wconf 89' lang='lat' dir='ltr'>vento</span> <span class='ocrx_word' id='word_1_123' title='bbox 1122 1685 1289 1742; x_wconf 88' lang='lat' dir='ltr'>turris</span> <span class='ocrx_word' id='word_1_124' title='bbox 1310 1726 1325 1751; x_wconf 84' lang='grc'>,</span> <span class='ocrx_word' id='word_1_125' title='bbox 1345 1678 1731 1769; x_wconf 72' lang='lat' dir='ltr'>scopulusque</span> <span class='ocrx_word' id='word_1_126' title='bbox 1751 1676 2016 1770; x_wconf 83' lang='lat' dir='ltr'>procellae</span> <span class='ocrx_word' id='word_1_127' title='bbox 2033 1724 2052 1751; x_wconf 81' lang='grc'>,</span> 
     </span>
     <span class='ocr_line' id='line_1_18' title="bbox 465 1771 1812 1862; baseline -0.001 -24"><span class='ocrx_word' id='word_1_128' title='bbox 465 1771 647 1838; x_wconf 75' lang='lat' dir='ltr'>Haefit</span> <span class='ocrx_word' id='word_1_129' title='bbox 667 1801 681 1844; x_wconf 77' lang='lat'>3</span> <span class='ocrx_word' id='word_1_130' title='bbox 703 1777 1094 1862; x_wconf 82' lang='lat' dir='ltr'>virtutemque</span> <span class='ocrx_word' id='word_1_131' title='bbox 1115 1774 1653 1844; x_wconf 73' lang='lat' dir='ltr'>manus,constantia</span> <span class='ocrx_word' id='word_1_132' title='bbox 1671 1778 1812 1836; x_wconf 88' lang='lat' dir='ltr'>vicit</span> 
     </span>
     <span class='ocr_line' id='line_1_19' title="bbox 396 1862 2099 1957; baseline -0.002 -27"><span class='ocrx_word' id='word_1_133' title='bbox 396 1872 397 1875; x_wconf 62' lang='grc'>’</span> <span class='ocrx_word' id='word_1_134' title='bbox 468 1871 741 1931; x_wconf 58' lang='lat' dir='ltr'>Pectoris.</span> <span class='ocrx_word' id='word_1_135' title='bbox 766 1872 846 1928; x_wconf 81' lang='lat' dir='ltr'>At</span> <span class='ocrx_word' id='word_1_136' title='bbox 867 1866 1127 1930; x_wconf 84' lang='lat' dir='ltr'>dextram</span> <span class='ocrx_word' id='word_1_137' title='bbox 1146 1863 1510 1957; x_wconf 80' lang='lat' dir='ltr'>allobrogem</span> <span class='ocrx_word' id='word_1_138' title='bbox 1530 1862 1779 1957; x_wconf 83' lang='lat' dir='ltr'>perferte</span> <span class='ocrx_word' id='word_1_139' title='bbox 1797 1869 2099 1928; x_wconf 83' lang='lat' dir='ltr'>Britannus</span> 
     </span>
     <span class='ocr_line' id='line_1_20' title="bbox 463 1957 1827 2049; baseline -0.005 -24"><span class='ocrx_word' id='word_1_140' title='bbox 463 1964 888 2049; x_wconf 84' lang='lat' dir='ltr'>Nequicquam</span> <span class='ocrx_word' id='word_1_141' title='bbox 929 1982 1058 2022; x_wconf 91' lang='lat' dir='ltr'>toto</span> <span class='ocrx_word' id='word_1_142' title='bbox 1097 1967 1374 2024; x_wconf 86' lang='lat' dir='ltr'>connixus</span> <span class='ocrx_word' id='word_1_143' title='bbox 1406 1982 1652 2048; x_wconf 77' lang='lat' dir='ltr'>corpore</span> <span class='ocrx_word' id='word_1_144' title='bbox 1670 1957 1796 2020; x_wconf 86' lang='lat' dir='ltr'>fidit</span> <span class='ocrx_word' id='word_1_145' title='bbox 1814 2004 1827 2018; x_wconf 92' lang='lat'><strong>.</strong></span> 
     </span>
     <span class='ocr_line' id='line_1_21' title="bbox 467 2047 1959 2142; baseline -0.005 -24"><span class='ocrx_word' id='word_1_146' title='bbox 467 2058 616 2118; x_wconf 89' lang='lat' dir='ltr'>Non</span> <span class='ocrx_word' id='word_1_147' title='bbox 636 2060 851 2114; x_wconf 89' lang='lat' dir='ltr'>etenim</span> <span class='ocrx_word' id='word_1_148' title='bbox 882 2054 1132 2142; x_wconf 67' lang='lat' dir='ltr'>abruptae</span> <span class='ocrx_word' id='word_1_149' title='bbox 1150 2058 1231 2115; x_wconf 90' lang='lat' dir='ltr'>vis</span> <span class='ocrx_word' id='word_1_150' title='bbox 1252 2058 1310 2115; x_wconf 88' lang='lat' dir='ltr'>in</span> <span class='ocrx_word' id='word_1_151' title='bbox 1329 2058 1495 2115; x_wconf 91' lang='lat' dir='ltr'>Duce</span> <span class='ocrx_word' id='word_1_152' title='bbox 1522 2051 1741 2141; x_wconf 84' lang='lat' dir='ltr'>deperit</span> <span class='ocrx_word' id='word_1_153' title='bbox 1760 2047 1959 2114; x_wconf 83' lang='lat' dir='ltr'>hastae:</span> 
     </span>
     <span class='ocr_line' id='line_1_22' title="bbox 469 2142 2103 2234; baseline -0.003 -26"><span class='ocrx_word' id='word_1_154' title='bbox 469 2151 560 2209; x_wconf 90' lang='lat' dir='ltr'>Sic</span> <span class='ocrx_word' id='word_1_155' title='bbox 581 2169 821 2234; x_wconf 87' lang='lat' dir='ltr'>quoque</span> <span class='ocrx_word' id='word_1_156' title='bbox 842 2142 1022 2207; x_wconf 45' lang='lat' dir='ltr'>fracia</span> <span class='ocrx_word' id='word_1_157' title='bbox 1043 2144 1193 2208; x_wconf 80' lang='lat' dir='ltr'>valet</span> <span class='ocrx_word' id='word_1_158' title='bbox 1213 2193 1226 2206; x_wconf 89' lang='lat'><strong>.</strong></span> <span class='ocrx_word' id='word_1_159' title='bbox 1248 2146 1629 2208; x_wconf 86' lang='lat' dir='ltr'>Dubitantem</span> <span class='ocrx_word' id='word_1_160' title='bbox 1649 2143 1847 2207; x_wconf 88' lang='lat' dir='ltr'>cedere</span> <span class='ocrx_word' id='word_1_161' title='bbox 1869 2190 1885 2216; x_wconf 83' lang='grc'>,</span> <span class='ocrx_word' id='word_1_162' title='bbox 1907 2146 2103 2231; x_wconf 85' lang='lat' dir='ltr'>cogit:</span> 
     </span>
     <span class='ocr_line' id='line_1_23' title="bbox 467 2233 1826 2328; baseline -0.002 -26"><span class='ocrx_word' id='word_1_163' title='bbox 467 2241 754 2302; x_wconf 88' lang='lat' dir='ltr'>Obicibus</span> <span class='ocrx_word' id='word_1_164' title='bbox 783 2236 967 2328; x_wconf 83' lang='lat' dir='ltr'>clypei</span> <span class='ocrx_word' id='word_1_165' title='bbox 993 2243 1192 2300; x_wconf 67' lang='lat' dir='ltr'>eviffls</span> <span class='ocrx_word' id='word_1_166' title='bbox 1214 2284 1228 2310; x_wconf 81' lang='grc'>,</span> <span class='ocrx_word' id='word_1_167' title='bbox 1248 2235 1586 2326; x_wconf 85' lang='lat' dir='ltr'>reliquaque</span> <span class='ocrx_word' id='word_1_168' title='bbox 1608 2233 1826 2299; x_wconf 82' lang='lat' dir='ltr'>secutus</span> 
     </span>
     <span class='ocr_line' id='line_1_24' title="bbox 470 2324 2058 2421; baseline -0.003 -26"><span class='ocrx_word' id='word_1_169' title='bbox 470 2336 683 2395; x_wconf 88' lang='lat' dir='ltr'>Abiete</span> <span class='ocrx_word' id='word_1_170' title='bbox 717 2334 1013 2394; x_wconf 67' lang='lat' dir='ltr'>fortunam</span> <span class='ocrx_word' id='word_1_171' title='bbox 1032 2377 1049 2402; x_wconf 86' lang='grc'>,</span> <span class='ocrx_word' id='word_1_172' title='bbox 1077 2337 1288 2421; x_wconf 84' lang='lat' dir='ltr'>premit</span> <span class='ocrx_word' id='word_1_173' title='bbox 1307 2327 1419 2393; x_wconf 83' lang='lat' dir='ltr'>alta</span> <span class='ocrx_word' id='word_1_174' title='bbox 1438 2335 1494 2393; x_wconf 92' lang='lat' dir='ltr'>in</span> <span class='ocrx_word' id='word_1_175' title='bbox 1518 2324 1720 2392; x_wconf 75' lang='lat' dir='ltr'>casside</span> <span class='ocrx_word' id='word_1_176' title='bbox 1747 2350 2016 2392; x_wconf 86' lang='lat' dir='ltr'>truncum</span> <span class='ocrx_word' id='word_1_177' title='bbox 2043 2354 2058 2399; x_wconf 80' lang='lat'>3</span> 
     </span>
     <span class='ocr_line' id='line_1_25' title="bbox 475 2418 1908 2513; baseline 0 -28"><span class='ocrx_word' id='word_1_178' title='bbox 475 2429 697 2512; x_wconf 86' lang='lat' dir='ltr'>Perque</span> <span class='ocrx_word' id='word_1_179' title='bbox 719 2429 880 2486; x_wconf 83' lang='lat' dir='ltr'>viam</span> <span class='ocrx_word' id='word_1_180' title='bbox 902 2422 1041 2486; x_wconf 86' lang='lat' dir='ltr'>lucis</span> <span class='ocrx_word' id='word_1_181' title='bbox 1063 2448 1301 2513; x_wconf 74' lang='lat' dir='ltr'>querens</span> <span class='ocrx_word' id='word_1_182' title='bbox 1325 2420 1435 2486; x_wconf 80' lang='lat' dir='ltr'>sine</span> <span class='ocrx_word' id='word_1_183' title='bbox 1455 2421 1685 2512; x_wconf 78' lang='lat' dir='ltr'>cuspide</span> <span class='ocrx_word' id='word_1_184' title='bbox 1705 2418 1908 2485; x_wconf 87' lang='lat' dir='ltr'>frustra</span> 
     </span>
     <span class='ocr_line' id='line_1_26' title="bbox 469 2515 1966 2606; baseline -0.001 -27"><span class='ocrx_word' id='word_1_185' title='bbox 469 2519 689 2579; x_wconf 89' lang='lat' dir='ltr'>Mortis</span> <span class='ocrx_word' id='word_1_186' title='bbox 709 2522 814 2578; x_wconf 88' lang='lat' dir='ltr'>iter</span> <span class='ocrx_word' id='word_1_187' title='bbox 838 2515 1332 2586; x_wconf 70' lang='lat' dir='ltr'>3ter1·aeaffli8tum</span> <span class='ocrx_word' id='word_1_188' title='bbox 1355 2515 1517 2606; x_wconf 83' lang='lat' dir='ltr'>super</span> <span class='ocrx_word' id='word_1_189' title='bbox 1539 2515 1745 2578; x_wconf 87' lang='lat' dir='ltr'>arduus</span> <span class='ocrx_word' id='word_1_190' title='bbox 1764 2515 1929 2579; x_wconf 86' lang='lat' dir='ltr'>instat</span> <span class='ocrx_word' id='word_1_191' title='bbox 1949 2541 1966 2585; x_wconf 86' lang='lat'>·‚</span> 
     </span>
     <span class='ocr_line' id='line_1_27' title="bbox 477 2605 2106 2698; baseline -0.002 -27"><span class='ocrx_word' id='word_1_192' title='bbox 477 2613 642 2671; x_wconf 91' lang='lat' dir='ltr'>Dure</span> <span class='ocrx_word' id='word_1_193' title='bbox 660 2613 769 2672; x_wconf 89' lang='lat' dir='ltr'>Vir</span> <span class='ocrx_word' id='word_1_194' title='bbox 787 2655 803 2680; x_wconf 85' lang='grc'>,</span> <span class='ocrx_word' id='word_1_195' title='bbox 831 2609 1104 2672; x_wconf 84' lang='lat' dir='ltr'>audacem</span> <span class='ocrx_word' id='word_1_196' title='bbox 1125 2607 1273 2674; x_wconf 89' lang='lat' dir='ltr'>hanc</span> <span class='ocrx_word' id='word_1_197' title='bbox 1301 2615 1575 2681; x_wconf 82' lang='lat' dir='ltr'>animam&gt;</span> <span class='ocrx_word' id='word_1_198' title='bbox 1596 2614 1804 2697; x_wconf 74' lang='lat' dir='ltr'>viresq,</span> <span class='ocrx_word' id='word_1_199' title='bbox 1826 2605 2106 2698; x_wconf 82' lang='lat' dir='ltr'>superbas,</span> 
     </span>
     <span class='ocr_line' id='line_1_28' title="bbox 477 2696 1970 2783; baseline -0.002 -19"><span class='ocrx_word' id='word_1_200' title='bbox 477 2708 642 2783; x_wconf 85' lang='lat' dir='ltr'>Qas</span> <span class='ocrx_word' id='word_1_201' title='bbox 666 2727 784 2766; x_wconf 91' lang='lat' dir='ltr'>non</span> <span class='ocrx_word' id='word_1_202' title='bbox 807 2699 1137 2765; x_wconf 89' lang='lat' dir='ltr'>horruimus</span> <span class='ocrx_word' id='word_1_203' title='bbox 1157 2749 1174 2775; x_wconf 84' lang='grc'>,</span> <span class='ocrx_word' id='word_1_204' title='bbox 1196 2728 1312 2765; x_wconf 89' lang='lat' dir='ltr'>non</span> <span class='ocrx_word' id='word_1_205' title='bbox 1340 2702 1604 2764; x_wconf 81' lang='lat' dir='ltr'>odimus:</span> <span class='ocrx_word' id='word_1_206' title='bbox 1628 2723 1781 2764; x_wconf 88' lang='lat' dir='ltr'>utere</span> <span class='ocrx_word' id='word_1_207' title='bbox 1817 2696 1934 2766; x_wconf 62' lang='lat' dir='ltr'>vita</span> <span class='ocrx_word' id='word_1_208' title='bbox 1952 2745 1970 2771; x_wconf 85' lang='lat'>‚</span> 
     </span>
     <span class='ocr_line' id='line_1_29' title="bbox 476 2792 2016 2884; baseline -0.003 -25"><span class='ocrx_word' id='word_1_209' title='bbox 476 2801 674 2884; x_wconf 82' lang='lat' dir='ltr'>Digne</span> <span class='ocrx_word' id='word_1_210' title='bbox 692 2800 845 2858; x_wconf 88' lang='lat' dir='ltr'>mori</span> <span class='ocrx_word' id='word_1_211' title='bbox 867 2822 880 2865; x_wconf 89' lang='lat'>·,</span> <span class='ocrx_word' id='word_1_212' title='bbox 905 2817 961 2858; x_wconf 92' lang='lat' dir='ltr'>at</span> <span class='ocrx_word' id='word_1_213' title='bbox 978 2793 1114 2860; x_wconf 88' lang='lat' dir='ltr'>belli</span> <span class='ocrx_word' id='word_1_214' title='bbox 1134 2794 1280 2859; x_wconf 87' lang='lat' dir='ltr'>mihi</span> <span class='ocrx_word' id='word_1_215' title='bbox 1303 2795 1494 2858; x_wconf 88' lang='lat' dir='ltr'>debita</span> <span class='ocrx_word' id='word_1_216' title='bbox 1514 2792 1733 2883; x_wconf 78' lang='lat' dir='ltr'>legibus</span> <span class='ocrx_word' id='word_1_217' title='bbox 1754 2841 1770 2865; x_wconf 84' lang='grc'>,</span> <span class='ocrx_word' id='word_1_218' title='bbox 1789 2797 1980 2882; x_wconf 88' lang='lat' dir='ltr'>inquit</span> <span class='ocrx_word' id='word_1_219' title='bbox 1999 2837 2016 2862; x_wconf 85' lang='lat'>,</span> 
     </span>
    </p>
   </div>
   <div class='ocr_carea' id='block_1_3' title="bbox 483 2882 2104 3027">
    <p class='ocr_par' dir='ltr' id='par_1_3' title="bbox 483 2882 2104 3027">
     <span class='ocr_line' id='line_1_30' title="bbox 483 2882 2104 3027; baseline -0.006 -74"><span class='ocrx_word' id='word_1_220' title='bbox 483 2893 762 2979; x_wconf 80' lang='lat' dir='ltr'>Captivus</span> <span class='ocrx_word' id='word_1_221' title='bbox 782 2888 939 2956; x_wconf 79' lang='lat' dir='ltr'>dabis</span> <span class='ocrx_word' id='word_1_222' title='bbox 963 2912 1151 2953; x_wconf 83' lang='lat' dir='ltr'>arma.</span> <span class='ocrx_word' id='word_1_223' title='bbox 1177 2894 1305 2969; x_wconf 69' lang='lat' dir='ltr'>Hec</span> <span class='ocrx_word' id='word_1_224' title='bbox 1324 2893 1489 2962; x_wconf 80' lang='lat' dir='ltr'>inter,</span> <span class='ocrx_word' id='word_1_225' title='bbox 1517 2899 1573 2951; x_wconf 68' lang='grc' dir='ltr'>ὃ(</span> <span class='ocrx_word' id='word_1_226' title='bbox 1597 2882 1813 2977; x_wconf 79' lang='lat' dir='ltr'>Anglia</span> <span class='ocrx_word' id='word_1_227' title='bbox 1830 2883 2104 3027; x_wconf 54' lang='lat' dir='ltr'>mgstum</span> 
     </span>
     <span class='ocr_line' id='line_1_31' title="bbox 1954 2989 2039 3024; baseline 0 -1"><span class='ocrx_word' id='word_1_228' title='bbox 1954 2989 2039 3024; x_wconf 83' lang='lat' dir='ltr'>um</span> 
     </span>
    </p>
   </div>
  </div>
 </body>
</html>
