2341 3261
633 148 740 184 222.

541 222 810 305 Occupat
835 236 947 278 una
973 233 1133 276 tuam
1151 208 1354 276 verum
1371 233 1561 302 neque
1584 214 1770 275 Patria
1785 232 2041 279 mentem
2061 241 2078 287 3

635 314 715 371 Ex
734 332 856 396 quo
883 311 1052 370 Mens
1079 303 1338 395 loquitur
1356 307 1629 393 Principis
1646 348 1665 375 ,
1682 328 1784 367 ore
1809 326 1914 370 tuo
1930 351 1946 366 .

213 399 246 434 ³*
279 399 336 450 1²¹
349 398 511 448 Ultra.
547 404 826 464 Gentibus
846 397 1426 488 invigilaszinterque
1462 397 1490 426 ⁴‘
1524 392 1757 460 oracula
1773 403 2028 488 Regum,

203 465 511 584 Ῑξζῖξῑζξοῶ
650 498 719 555 Et
744 499 954 583 Capita
970 498 1210 582 Europae
1229 487 1518 554 nobiliora
1534 486 1689 551 sedes
1705 535 1721 550 .

224 614 283 663 17
296 614 366 650 ιι.
557 585 786 650 Grande
805 584 1184 653 ministerium
1202 588 1352 646 notis
1369 580 1675 646 virtutibus
1699 578 1913 674 imple:

652 683 854 739 Pacem
874 678 1060 749 Orbi,
1081 687 1139 739 &
1160 681 1345 765 patrio
1371 677 1460 738 Te
1474 671 1593 739 cit&
1612 672 1785 738 redde
1809 678 1971 739 Lari.

557 769 664 833 Sed
684 766 920 832 fortuna
936 766 1070 831 licet
1087 815 1106 840 ,
1134 767 1266 831 licet
1283 765 1395 830 alta
1413 764 1625 831 Palatia
1641 764 1891 831 crescant
1907 795 1925 838 3

650 866 780 925 Hos
801 867 1090 925 Homines
1109 907 1126 932 ,
1146 865 1364 923 mirum
1383 860 1460 922 est
1478 906 1494 931 ,
1513 857 1554 922 s1
1572 864 1724 950 capit
1741 883 1855 922 una
1868 863 2144 924 Domus:

922 955 1013 1016 Ad
1028 959 1237 1017 Fiatres
1254 973 1312 1015 ut
1315 950 1376 1041 ft
1391 958 1597 1019 Nicaeae
1608 954 1879 1037 restituant
1893 1000 1908 1014 .
1998 1008 2001 1010 ,

999 1049 1619 1109 EPIGRAMMA
1670 1049 1851 1107 LIX.

687 1140 982 1226 Ergemini
1000 1143 1211 1200 Fratres
1237 1182 1257 1209 3
1275 1162 1422 1227 quos
1442 1136 1582 1201 dura
1601 1142 1868 1201 Minerva
1883 1134 2089 1227 fatigat
2108 1164 2121 1208 3

734 1234 805 1292 Et
822 1225 1008 1294 varius
1027 1234 1187 1292 vario
1205 1229 1414 1292 dividit
1433 1230 1594 1293 Orbe
1613 1226 1776 1293 labor
1795 1256 1811 1301 3
2013 1298 2017 1310 ἶ

561 1320 814 1385 Reddite
832 1347 864 1406 γ
876 1347 940 1384 os
962 1326 1156 1385 Patriae
1173 1347 1188 1393 3
1210 1319 1548 1411 magnisque
1564 1318 1847 1386 abscedite
1864 1327 2012 1386 curis
2035 1347 2047 1382 ε

656 1413 918 1477 Pondera
935 1410 1111 1502 longa
1138 1425 1405 1504 premunt
1424 1440 1440 1485 3
1459 1418 1793 1477 continuata
1808 1433 2015 1478 necant
2032 1460 2047 1475 .

231 1523 272 1559 1·
288 1505 335 1555 F
338 1521 403 1556 ⁶³20
422 1507 526 1556 bello
555 1509 704 1570 Non
722 1530 913 1570 macer
932 1507 1207 1588 Eridanus
1243 1517 1278 1563 ¹.
1307 1503 1426 1569 fera
1446 1511 1707 1594 Sequana
1724 1552 1742 1577 ,
1758 1508 1972 1594 Tybris
2003 1520 2043 1548 ²·
2063 1509 2281 1582 avaru33

225 1573 524 1690 Jst‘ffssad-
650 1597 758 1661 Sed
779 1619 947 1661 vocat
966 1597 1038 1661 ad
1056 1619 1233 1661 certas
1265 1608 1302 1646 ³·
1321 1594 1501 1661 Pallio
1521 1620 1734 1686 pauper
1759 1621 1898 1687 opes
1916 1644 1932 1660 .

230 1679 403 1755 nssodum
432 1704 529 1766 fru-
561 1695 779 1768 Juverit
797 1688 894 1756 hic
913 1695 1141 1778 quoties
1162 1683 1278 1754 'unzi
1294 1687 1586 1753 confidere
1600 1687 1802 1754 Mensa
1823 1708 1835 1753 ε

225 1771 523 1885 Huqss'fczws
658 1783 880 1846 Audire
901 1780 1138 1845 alternas
1158 1828 1175 1856 ,
1203 1793 1261 1846 ὃς
1280 1786 1514 1846 recitare
1534 1785 1650 1845 vias
1673 1799 1685 1845 ι
2083 1840 2086 1844 .

228 1852 440 1950 {ormi}
561 1873 738 1939 Aulas
757 1921 774 1947 3
790 1895 968 1966 atque
984 1877 1175 1940 Urbes
1194 1921 1214 1949 ‚
1231 1870 1827 1964 moresque3vjcesque
1854 1870 2147 1942 Locorum

225 1968 284 2017 N
288 1986 392 2016 τιθῶ
408 1986 475 2017 mu
492 1984 562 2016 >⁴05
662 1973 788 2045 Qui
806 1967 1013 2032 doceat
1032 2014 1048 2040 ,
1067 1964 1286 2057 semper
1304 1967 1378 2032 de
1399 1968 1577 2032 tribus
1599 1991 1741 2031 unus
1761 1971 1869 2030 erit
1885 2015 1901 2030 .

220 2033 397 2086 alluens.
572 2066 847 2150 Cumque
865 2059 1025 2125 avidi
1041 2065 1272 2124 venient
1288 2059 1468 2124 vestra
1483 2059 1558 2124 ad
1577 2064 1869 2124 Convivia
1887 2067 2066 2127 Cives
2085 2087 2100 2131 3
2144 2122 2147 2125 ,

664 2152 845 2216 Haud
870 2149 1060 2239 epulas
1077 2147 1315 2244 poscent
1332 2197 1349 2224 ‚
1366 2149 1462 2215 sed
1478 2148 1581 2217 fibi
1606 2154 1783 2217 verba
1796 2153 1917 2218 dari
1934 2201 1949 2217 .

570 2247 655 2309 Ni
677 2243 803 2306 satis
821 2244 898 2306 est
917 2241 1126 2333 linguis
1143 2270 1160 2314 3
1180 2243 1365 2308 doctis
1385 2243 1514 2308 date
1533 2249 1795 2309 Nomina
1812 2245 2021 2311 chartis
2050 2270 2064 2308 ε

665 2340 804 2400 Hoc
823 2333 1093 2426 superesse
1109 2333 1212 2401 fibi
1229 2335 1307 2402 est
1324 2363 1337 2406 3
1360 2348 1418 2401 &t
1436 2332 1550 2400 fine
1566 2359 1756 2401 morte
1774 2345 1927 2404 mori
1945 2386 1961 2401 .

573 2523 893 2667 OMnia
916 2525 976 2584 ni
993 2518 1239 2587 similem
1256 2517 1479 2613 sapiunt
1496 2526 1926 2611 Epigrammata
1943 2545 2148 2590 venam
2166 2551 2184 2595 3

769 2618 861 2679 Ut
877 2612 1100 2678 dubites
1118 2637 1301 2678 unum
1321 2611 1571 2679 verfibus
1598 2613 1700 2676 esse
1722 2636 1942 2704 patrem
1966 2643 1984 2690 3
2183 2633 2187 2637 “

576 2710 793 2794 Ingenij
823 2702 990 2797 culpa
1009 2706 1087 2769 est
1113 2733 1128 2778 3
1157 2706 1361 2797 rapido
1379 2707 1541 2797 quod
1561 2703 1756 2797 saepius
1775 2708 1971 2782 oestro,

670 2795 887 2862 Effudit
912 2794 1103 2891 potius
1123 2805 1377 2864 carmina
1393 2847 1411 2873 ,
1427 2793 1607 2889 quam
1627 2811 1847 2891 peperit
1864 2849 1880 2865 .
1897 2804 1903 2812 ”

575 2891 874 2971 Virtutem
890 2889 1038 2956 hanc
1057 2895 1339 2982 reprobo:
1361 2893 1564 2984 puduit
1590 2899 1759 2957 nimis
1779 2892 1880 2957 effe
1908 2890 2203 2978 disertumg'

670 2989 820 3071 Non
834 2981 952 3070 cin)
970 3031 990 3062 ,
1006 2984 1103 3068 sed
1128 2983 1245 3070 laus
1272 2986 1351 3073 est
1368 2982 1498 3073 yera
1512 3033 1530 3063 3
1546 2985 1769 3079 placere
1787 2983 1921 3074 diu2
