2341 3261
570 134 683 172 202

475 204 658 292 AEger
675 205 734 264 in
761 202 1003 263 extremi
1022 194 1242 260 lustaus
1262 192 1590 260 discrimine
1609 198 1800 262 morbi
1822 192 1861 271 ς’

570 292 748 357 Faffus
767 318 823 356 es
841 314 1117 356 aeternum
1134 337 1150 363 ,
1171 298 1273 379 qui
1294 295 1440 379 regit
1469 290 1634 354 Astra
1651 337 1669 363 ,
1694 297 1891 355 Deum
1909 338 1924 353 .

477 383 634 478 Ergb
653 384 776 469 alijs
793 383 1059 450 claudens
1076 431 1093 456 ‚
1113 389 1294 475 aperit
1313 385 1418 447 tibi
1438 381 1659 448 lumina
1676 380 1900 449 lethum
1920 414 1936 449 ι

571 483 741 564 [Tunc
760 478 901 570 erg&
927 499 1074 566 aeger
1091 501 1209 540 eras
1228 524 1246 551 2
1264 474 1401 540 cum
1418 483 1541 542 Dio
1572 474 1735 541 sanus
1762 501 1879 541 eras
1895 523 1911 538 .

840 646 903 703 In
927 642 1189 702 Larinum
1203 637 1426 728 jocofitm
1445 637 1854 729 &impudicum

691 740 1151 828 Epigrammatum
1189 740 1500 824 scriptorem
1533 732 1616 798 lac
1646 741 2020 798 atramentario

1171 823 1526 916 infundentem
1542 873 1559 891 .

847 977 1622 1042 EPIGRAMMA.
1721 981 1857 1043 VII.

477 1144 610 1281 C
628 1136 766 1198 UM
794 1130 933 1198 fluat
950 1139 1009 1199 in
1038 1139 1267 1199 niveam
1287 1133 1435 1199 mihi
1455 1133 1644 1201 littera
1678 1142 1842 1227 nigra
1869 1160 2189 1230 papyrium

662 1232 866 1291 Laerea
883 1251 985 1291 cur
1005 1225 1231 1292 calamo
1253 1226 1409 1319 signa
1431 1233 1632 1294 Latine
1652 1251 1816 1294 notas
1837 1246 1856 1293 ?

472 1323 649 1384 Anne
668 1366 684 1392 ,
705 1317 870 1412 qubd
890 1325 1185 1386 Uberibus
1207 1319 1334 1387 fluit
1355 1321 1451 1387 hic
1472 1319 1848 1388 muliebribus
1868 1320 2122 1392 humor?

573 1416 741 1476 Anne
764 1460 782 1485 ‚
803 1411 966 1504 qubd
987 1410 1194 1479 infanti
1225 1423 1498 1481 convenit
1518 1417 1616 1482 iste
1635 1415 1874 1507 liquor?

473 1506 579 1570 Do
597 1509 704 1570 tibi
729 1531 880 1570 nunc
902 1511 1157 1580 veniam,
1177 1509 1321 1572 dum
1338 1508 1543 1601 scripta
1570 1515 1992 1600 epigrammata
2018 1506 2238 1603 vulga&

567 1594 762 1678 de
784 1620 904 1663 tam
921 1596 1269 1665 foemineum
1289 1647 1307 1674 ,
1326 1623 1447 1666 tam
1473 1600 1692 1696 puerile
1725 1600 1869 1696 sapis
1887 1650 1904 1666 .

722 1765 872 1824 Canis
890 1757 1040 1848 infici
1053 1770 1327 1852 imaginem
1360 1759 1525 1853 uiſszm
1541 1771 1596 1826 in
1602 1760 1812 1855 speculo
1828 1761 2023 1830 latrat-4

826 1910 1623 1976 EPIGRAMMA.
1721 1916 1881 1977 VIII.

628 2067 743 2127 Uis
782 2070 869 2130 Ca
880 2073 964 2132 nis
983 2067 1284 2160 implacidi
1303 2090 1484 2134 tantas
1504 2066 1666 2135 furor
1691 2067 1910 2164 asperat
1926 2074 2059 2153 irdss?

681 2161 768 2222 Ut
788 2154 946 2226 ferus
965 2162 1068 2226 effe
1086 2160 1168 2226 sui
1188 2160 1497 2228 dilaniator
1515 2184 1670 2228 amet
1689 2179 1708 2229 ἓ

477 2252 548 2314 Se
564 2260 735 2314 timet
760 2297 779 2325 ,
800 2263 859 2317 δε
879 2276 1051 2318 terret
1079 2252 1283 2346 :seque
1300 2252 1419 2346 ipse
1438 2251 1649 2321 laceffit
1664 2304 1683 2331 ,
1718 2267 1778 2322 &
1799 2256 1960 2325 odit:

574 2340 938 2434 Persequitur
957 2344 1177 2412 morsus
1199 2344 1481 2413 morsibus
1500 2347 1618 2442 ipse
1646 2347 1776 2414 suos
1794 2396 1811 2412 .

474 2438 603 2499 Has
621 2443 740 2524 agit
759 2443 818 2500 in
838 2436 1013 2504 furias
1032 2487 1050 2513 ,
1071 2439 1191 2504 haec
1209 2439 1399 2531 praelia
1419 2446 1660 2532 parturit
1680 2467 1874 2507 error:

581 2531 1151 2604 Latrantem,larrans
1169 2529 1319 2596 fallit
1338 2538 1538 2624 imago
1556 2582 1572 2606 ,
1593 2541 1819 2600 Canem
1843 2579 1859 2596 .

477 2622 617 2700 fare
647 2618 834 2688 homo
854 2652 869 2696 3
890 2622 1069 2715 quam
1091 2623 1298 2690 ssmiles
1317 2626 1578 2691 accendit
1605 2634 1812 2717 opimo
1833 2631 1998 2692 rixas!

566 2718 722 2785 ‚Non
738 2736 860 2785 tam
875 2715 1015 2814 saepe
1033 2719 1257 2790 malum
1272 2766 1292 2800 ,
1311 2718 1491 2813 quzim
1506 2742 1710 2810 movet
1736 2723 1940 2789 umbra
1957 2715 2096 2787 mali
2112 2725 2132 2782 .’

1960 2908 2142 2990 ,Horo-
