2341 3261
183 377 317 428 Mira
332 372 400 445 qd

182 448 253 492 uni
261 445 384 504 tersa

182 508 428 558 dexteritas
443 542 453 554 .

188 1563 484 1630 Labyrinthus

186 1654 239 1688 cx
255 1639 299 1687 C
301 1637 447 1701 arpino
458 1671 469 1683 ·

632 196 727 250 108

537 279 602 345 Id
624 282 861 346 docuit?
881 275 1020 346 num
1043 281 1346 346 dexteritas
1369 292 1382 353 ’,
1405 293 1462 346 &
1479 281 1554 346 ad
1572 285 1782 346 omnia
1798 278 1979 373 porro
2000 296 2003 298 ’

534 371 756 438 Flexilis
781 380 994 463 ingenij
1020 375 1269 464 spefitata
1281 382 1344 437 in
1369 374 1597 440 I’raeiide
1617 380 1793 438 virtus
1813 421 1831 446 ,

538 472 710 530 Hanc
730 473 903 529 etiam
929 473 1081 555 potis
1101 469 1175 529 est
1197 467 1432 532 arbustis
1452 467 1646 532 indere
1664 489 1920 530 mentem
1941 493 1957 538 ·,

533 556 772 624 Sedulus
794 579 856 621 ut
874 554 1092 622 formas
1111 557 1304 623 flectat
1323 557 1376 623 se
1397 584 1585 624 ramus
1603 565 1660 623 in
1678 583 1880 622 omnes
1894 573 1916 622 ἓ

527 653 781 716 ordinet
803 654 1068 735 arboreas
1087 649 1267 717 docili
1292 650 1384 717 seu
1404 649 1628 743 caespite
1654 650 1849 743 sepes'3

520 750 632 809 Seu
650 743 823 808 viridi
846 769 1081 808 murum
1105 768 1375 836 praetextu
1398 746 1597 810 vestiat
1613 770 1856 809 omnem
1877 772 1893 817 ·,

528 837 789 902 Frondea
808 861 960 911 nunc
979 839 1165 902 tendit
1183 887 1199 911 ,
1228 838 1589 929 distentaque
1604 836 1877 903 bracchia
1894 855 2096 901 curvat

529 936 911 995 Centimanus
933 929 1172 1023 pulcher
1193 958 1206 994 z
1227 933 1446 999 medias
1465 956 1618 997 nunc
1635 936 1716 994 ire
1743 955 1843 1023 per
1878 927 2098 1001 hastas·‚

521 1030 703 1090 Nunc
721 1025 892 1089 docet
915 1023 1033 1115 ipsa
1050 1022 1200 1089 leves
1219 1050 1320 1117 per
1338 1022 1570 1089 vincula
1592 1048 1818 1090 currere
1837 1028 2027 1114 virgas
2047 1049 2062 1085 ε

521 1115 712 1182 Discit
732 1123 876 1209 quin
898 1124 1075 1182 etiam
1095 1119 1257 1183 nodo
1280 1116 1507 1184 felicior
1533 1123 1705 1182 omni

523 1215 692 1275 Exire
714 1239 727 1282 ;
749 1212 999 1301 angustis
1016 1212 1198 1276 ordiri
1217 1212 1456 1302 grandia
1492 1212 1693 1285 rebus;

526 1308 946 1395 Maioremque
964 1302 1060 1369 sua
1085 1305 1156 1369 de
1175 1305 1464 1396 compede
1484 1310 1693 1369 ducere
1719 1300 1941 1393 sylvam
1958 1350 1973 1365 .

619 1398 904 1488 Praecipue
930 1396 1030 1461 has
1048 1418 1195 1476 artes
1213 1446 1229 1471 ,
1260 1397 1413 1463 hunc
1435 1399 1789 1463 dexteritatis
1815 1397 2121 1462 honorem¹
2190 1468 2193 1471 ,

530 1496 787 1581 Carpine
808 1537 825 1564 ,
845 1489 1156 1555 ductilium
1176 1488 1430 1582 sequeris
1445 1498 1656 1556 virtute
1673 1515 1979 1555 comarum
1996 1537 2010 1551 .

537 1590 688 1664 Qae
709 1609 828 1647 non
851 1608 949 1674 per
969 1581 1185 1648 dociles
1208 1584 1431 1649 moliris
1453 1584 1670 1648 ludicra
1686 1583 1862 1648 flexus
1881 1630 1900 1657 2

540 1683 924 1767 Componens
954 1684 1163 1740 miram
1184 1674 1315 1742 solis
1336 1681 1621 1743 erroribus
1641 1701 1821 1742 artem
1844 1695 1860 1741 t

524 1776 618 1835 Ut
638 1768 998 1859 labyrinthcei
1021 1771 1292 1861 deceptus
1314 1769 1511 1835 fraude
1531 1776 1717 1834 Vireti
1737 1817 1761 1842 ,

527 1869 682 1929 Inter
707 1861 869 1927 mille
891 1864 1077 1927 aditus
1101 1911 1116 1935 ,
1136 1871 1400 1954 interque
1421 1870 1672 1956 patentia
1690 1861 1852 1927 mille

528 1957 695 2020 Ostia
714 2004 730 2029 ,
751 1978 806 2019 te
826 1953 1047 2022 foribus
1069 1954 1326 2021 clausum
1344 1963 1571 2022 miraris.
1585 1962 1794 2048 apertis
1815 1975 1827 2020 ῐ

526 2055 632 2114 Per
650 2070 742 2113 tot
764 2051 980 2140 ubique
998 2047 1162 2138 fugas
1183 2099 1198 2123 ,
1219 2049 1357 2139 fuga
1376 2048 1704 2139 desperatur
1725 2077 1737 2111 :
1760 2061 1817 2114 ὃς
1837 2068 1968 2113 ante

526 2147 860 2206 Innumeras
877 2189 894 2215 ,
914 2149 1007 2207 via
1026 2141 1181 2207 nulla
1200 2150 1318 2208 vias
1339 2192 1351 2204 .
1382 2149 1552 2207 Exire
1570 2143 1780 2207 videris

527 2242 765 2324 Semper
783 2263 798 2308 3
819 2247 877 2300 δε
898 2242 1219 2326 ingeminas
1236 2234 1453 2300 fallacis
1470 2233 1700 2299 vincula
1729 2239 1920 2325 Septi.

529 2326 807 2394 Cursibus
827 2326 943 2421 ipse
966 2339 1078 2394 tuis
1097 2328 1336 2421 laqueos
1353 2331 1461 2394 tibi.
1479 2335 1622 2393 texis
1643 2356 1654 2390 :
1674 2334 1732 2391 in
1751 2351 2006 2394 omnem

527 2427 786 2486 Verteris
806 2424 1113 2512 ambagem
1136 2454 1149 2495 ·,
1171 2425 1273 2488 tibi
1295 2428 1531 2513 iamque
1552 2420 1799 2486 irasceris
1819 2427 1916 2484 uni
1937 2448 1952 2492 3

527 2515 914 2605 Artificesque
942 2515 1111 2580 dolos
1131 2563 1149 2588 ,
1172 2517 1320 2580 dum
1338 2523 1424 2579 vis
1461 2512 1875 2605 reprehendere
1893 2561 1911 2588 ,
1929 2511 2156 2579 laudas.

526 2604 685 2699 Ergo
706 2632 887 2672 unum
909 2634 1152 2698 querens
1171 2615 1318 2672 inter
1338 2630 1427 2672 tot
1444 2602 1648 2671 limina
1668 2606 1853 2673 limen
1867 2653 1890 2681 2

527 2699 1019 2784 Volverisinfelix
1041 2699 1201 2765 felici
1220 2709 1277 2765 in
1305 2725 1559 2772 ca=rcere3
1590 2701 1778 2765 donec

530 2797 654 2878 Qi
679 2815 732 2857 te
751 2801 1047 2885 captivum
1070 2792 1206 2859 fecit
1227 2842 1242 2867 ‚
1262 2814 1316 2858 te
1338 2791 1571 2857 solverit-
1591 2819 1749 2858 error
1771 2821 1786 2856 ε
1823 2801 1827 2805 “

529 2887 604 2953 Id·
619 2886 827 2958 didicit-
844 2886 1010 2954 cultae
1027 2886 1206 2954 solers
1218 2893 1474 2953 imitatio
1495 2885 1701 2979 plantae
1716 2934 1731 2948 .

2031 2974 2200 3064 Qu
