2341 3261
438 117 698 264 Aoffiifdes
726 241 739 256 .
767 196 1006 284 Semper
1030 185 1214 254 Musae
1241 184 1594 254 moderatius
1628 206 1865 280 optent:

445 296 517 356 Et
534 287 784 355 referant
803 294 958 355 votis
987 283 1211 376 semper
1228 289 1452 348 maiora
1472 284 1746 350 modestis
1765 329 1780 345 .

955 470 1715 580 RIPULAE.

662 818 665 820 ,
696 742 769 809 ξ
788 739 972 830 Ecufij
994 741 1066 807 ad
1087 738 1274 806 fauces
1295 788 1311 815 ,
1345 743 1442 808 ubi
1472 735 1733 834 primurn
1767 745 1955 834 erupit
1973 740 2043 806 ab
2062 737 2214 832 Alpe

725 868 754 875 ··
821 834 1022 901 Gallus
1043 882 1060 908 ,
1087 847 1145 899 &
1166 842 1351 925 optati
1371 834 1605 925 respirat
1621 833 1694 897 ad
1719 834 1862 897 ostia
1888 831 2042 897 Coeli
2063 861 2078 904 ·,

573 926 642 976 ³⁸²
823 925 1377 1018 Laetitiaimproviia
1396 925 1512 990 loci
1543 925 1775 990 testatur
1801 926 1982 990 adesse

514 1006 529 1027 s
682 1011 764 1055 ⁷⁵⁵⁸
826 1019 1067 1088 Italiam:
1086 1019 1296 1084 invidit
1313 1024 1506 1084 Terris
1540 1017 1800 1084 felicibus
1819 1016 2059 1110 hospe33

119 1148 246 1201 Urbs
273 1143 314 1191 in
336 1141 387 1189 11¹-
453 1111 874 1205 Fulgentesque
892 1119 1132 1178 Ducum
1151 1112 1320 1176 Sedes
1339 1159 1355 1184 ,
1376 1136 1441 1176 ea
1474 1117 1662 1203 prima
1688 1109 1855 1176 latini

118 1221 230 1268 mine
245 1209 406 1269 Italiae,
467 1206 802 1299 Splendoris
835 1226 1218 1270 monumenta
1243 1203 1436 1294 legens
1454 1251 1473 1278 ,
1499 1216 1560 1269 &
1586 1209 1709 1270 iure
1728 1203 2041 1296 superbum

118 1281 264 1346 5⁸9³·
466 1300 780 1366 Admirans
807 1296 1020 1363 Italum
1038 1326 1053 1370 3
1072 1295 1390 1389 speetando
1416 1303 1477 1361 in
1502 1303 1662 1361 Rure
1679 1318 1976 1362 moratur:

467 1392 720 1483 Postque
745 1396 869 1456 vias
888 1391 1070 1455 tristes
1086 1437 1105 1463 ,
1130 1402 1189 1456 &
1205 1392 1399 1455 acerbi
1416 1391 1800 1474 incommoda
1816 1387 2010 1464 Coeli,

468 1483 704 1551 Grande
725 1481 861 1548 tulit
878 1488 1130 1575 pretium
1149 1530 1167 1555 ,
1196 1489 1473 1573 Regnum
1490 1481 1754 1574 aspexiffe
1777 1484 2013 1548 beatum
2029 1527 2044 1544 .

564 1573 821 1641 Annibal
841 1574 989 1640 hanc
1006 1572 1157 1639 olim
1177 1581 1416 1639 miratus
1436 1576 1688 1639 creditur
1719 1581 1907 1640 Oram
1927 1603 1942 1647 3

471 1668 633 1738 Cum
653 1675 795 1733 Feta
809 1667 1131 1760 perpessum
1153 1714 1170 1740 ,
1188 1673 1382 1758 Regni
1401 1665 1586 1731 felicis
1606 1691 1809 1732 amore

470 1762 745 1828 Suaderet
761 1767 1036 1852 graviora
1065 1765 1184 1851 pati
1200 1761 1536 1824 discrimina
1569 1765 1848 1825 Poenum:

475 1863 559 1921 Ex
578 1878 822 1945 mgnare
842 1860 1057 1944 iugum
1076 1850 1268 1925 ferro·,
1302 1877 1404 1944 per
1439 1850 1652 1916 viscera
1681 1860 1912 1918 Montis

473 1881 645 2014 Vehe
664 1954 824 2012 viam
847 1974 862 2019 3
897 1943 1144 2037 glaciem
1172 1943 1420 2009 flammis
1447 1991 1465 2018 ‚
1492 1943 1856 2011 Elementum
1882 1942 2189 2011 Elemento

476 2047 763 2111 Vincere3
792 2035 1042 2102 nonillis
1062 2059 1273 2102 notum
1308 2040 1628 2103 cervicibus
1655 2061 1788 2104 ante

479 2140 643 2198 Ferre
669 2156 883 2222 rogum
902 2178 918 2204 ‚
936 2131 1262 2222 medijsque
1294 2131 1602 2195 accendere
1621 2135 1682 2195 in
1713 2130 1961 2222 Alpibus
1978 2136 2237 2196 AEtnam.

480 2232 643 2293 Nam
666 2223 705 2289 fi
733 2229 962 2316 pinguis
995 2247 1166 2315 ager,
1203 2220 1486 2314 quantum
1504 2220 1793 2289 insatiatus
1813 2248 2002 2289 arator

487 2316 694 2385 Nescit
715 2323 1016 2381 avaritiam
1039 2345 1051 2389 3
1072 2313 1249 2379 nescit
1276 2340 1515 2405 quoque
1533 2322 1795 2409 Juppiter
1833 2324 1976 2390 iras;

480 2417 852 2500 Divitiasque
879 2407 1019 2474 Solo
1040 2456 1058 2482 ‚
1101 2405 1256 2472 Coeli
1293 2408 1651 2498 indulgentia
1671 2407 1883 2474 servat.

149 2548 313 2598 ‚surm
338 2545 423 2598 bel·
581 2511 819 2567 Summa
838 2507 1069 2566 Domus
1098 2501 1398 2564 dominata
1415 2509 1557 2590 iugo
1577 2549 1593 2574 ,
1629 2508 1970 2594 munitaque
1990 2505 2182 2568 Marte

155 2614 247 2662 licis
262 2627 441 2664 tormen.
498 2594 822 2668 FulmineO,
843 2593 1001 2669 elatis
1022 2599 1282 2657 imitatur
1297 2597 1578 2658 Turribus
1615 2598 1832 2660 Arcem
1850 2642 1864 2657 .

152 2681 214 2728 Ψ
238 2682 420 2731 munitae.
501 2687 645 2767 Quo
665 2687 799 2753 licet
817 2684 1041 2751 ascensu
1070 2683 1217 2750 lente
1238 2684 1580 2776 consurgere
1608 2687 1773 2754 molli

489 2780 661 2869 Visus
681 2806 823 2874 apex
840 2808 863 2875 3*
879 2777 1176 2874 superante
1203 2777 1342 2846 loco
1367 2826 1386 2856 ,
1406 2777 1515 2845 late
1534 2789 1733 2849 omnia
1764 2789 1824 2848 in
1858 2803 1999 2845 arva

1838 2876 2154 2964 Imperium
