2341 3261
661 101 767 162 'roo'

206 184 479 302 {Jgfflgfff‘
561 189 928 283 Tranfigeret
944 185 1138 258 dulces
1156 193 1295 259 cum
1310 186 1435 259 laeta
1465 194 1566 285 per
1591 195 1716 260 otia
1736 194 1995 275 menses}

206 320 416 371 sabaudi
563 292 706 351 Otia
732 282 930 351 defeffi
954 284 1172 378 sperata
1187 284 1481 353 laboribus
1511 291 1707 363 Anni,

203 387 472 434 Convmori.
560 386 758 471 Digna
776 377 912 445 loco
940 383 1117 446 Pubes
1137 407 1151 451 3
1171 377 1362 472 prim-‘30
1387 380 1531 446 dum
1572 386 1747 446 nocte
1774 379 2012 449 filebant

202 453 484 575 Zrszgglefffbg:
553 479 775 538 Omnia
794 501 808 545 3
829 478 1094 537 certatim
1113 497 1277 564 rupes
1299 473 1497 537 audire
1523 471 1754 540 disertas
1773 522 1793 548 ,

203 586 298 631 rias
321 585 488 632 Primi.
557 572 948 656 Promptaque
965 566 1035 630 ab
1054 565 1270 630 attenta
1304 564 1570 656 responsa
1609 566 1886 660 capessere
1922 590 2095 634 caute

199 664 303 763 {2⁰⁷}
334 651 487 698 libera.
555 659 752 723 Ardor
771 681 889 723 erat
906 706 920 720 .
949 659 1264 749 Qidquid
1282 683 1441 724 mens
1461 658 1726 750 suggerat
1744 708 1762 733 ,
1778 686 2001 753 oraque
2019 662 2281 748 distenss'

202 733 420 842 ceffigcon.
556 750 769 816 Ediscit
788 749 901 816 sine
931 774 1122 815 mente
1143 754 1282 845 lapis
1306 800 1322 826 ,
1342 750 1455 816 fine
1481 775 1713 843 gutture
1733 755 1925 818 redd-it
1940 801 1956 817 .

203 847 481 923 Lepidaprae
549 856 677 927 Jam
694 842 850 909 velut
869 841 1089 909 incluso
1112 856 1439 909 mittentem
1461 855 1718 911 carmina
1745 868 1874 911 vate
1892 893 1909 919 ‚

197 913 302 1028 Ξῖἑ
313 914 477 1032 sech-bus
554 950 684 1020 Jam
709 939 780 1003 de
799 936 1066 1002 consulto
1091 960 1444 1027 repetentem
1466 939 1747 1028 dogmata
1773 938 1908 1002 saxo
1926 985 1946 1011 ,

559 1030 803 1099 Garrula
821 1028 1153 1123 simplicitas
1173 1033 1405 1123 stupuit:
1431 1029 1742 1123 gavisaque
1762 1029 1906 1103 falli,

549 1123 783 1192 Fallitur
802 1170 819 1197 ‚
840 1137 897 1188 &
915 1123 1140 1215 plaudit
1160 1172 1172 1184 .
1191 1130 1260 1187 Se
1279 1150 1394 1189 vox
1413 1126 1602 1215 stupet
1628 1123 1744 1216 ipsa
1768 1123 2143 1215 loquentem:

545 1227 737 1309 Seque
764 1215 1118 1281 reversuram
1136 1222 1439 1309 expectans
1459 1264 1476 1290 ‚
1508 1217 1541 1280 ὲ
1559 1241 1851 1282 marmore
1893 1216 1965 1281 ad
1991 1240 2191 1282 aurem

545 1313 743 1380 Verba
761 1330 976 1375 retorta
997 1307 1141 1400 legit
1159 1357 1177 1383 ,
1198 1335 1325 1401 quae
1345 1308 1539 1375 scribit
1563 1317 1623 1374 in
1658 1335 1785 1374 aere
1811 1330 2013 1375 ventus
2035 1358 2049 1373 .

542 1412 639 1471 Sic
657 1402 768 1470 alia
785 1451 802 1476 ,
821 1424 996 1493 atque
1017 1403 1222 1467 eadem
1241 1451 1259 1476 ,
1294 1401 1348 1466 se
1381 1401 1580 1493 lingua
1604 1401 1810 1468 affatur
1830 1451 1849 1478 ,
1868 1414 1926 1467 &
1944 1403 2104 1470 audit
2127 1430 2141 1467 z

547 1506 819 1588 Qaeque
844 1517 1013 1568 tacet,
1043 1495 1329 1586 loquitur:
1348 1493 1602 1560 clamosa
1627 1493 1844 1561 silentia
1868 1494 2016 1560 ridet
2032 1543 2052 1570 ,

543 1597 616 1656 Et
635 1599 797 1656 iocus
819 1586 935 1679 ipsa
955 1586 1057 1654 fibi
1079 1590 1156 1652 est
1177 1616 1188 1650 ε
1212 1586 1547 1653 sermonum
1571 1586 1784 1653 semine
1805 1593 1963 1652 iano
1980 1635 1999 1662 ,

546 1683 714 1749 Illico
736 1679 1156 1771 multiloquam
1182 1687 1389 1745 mirata
1417 1679 1705 1771 resurgere
1742 1679 2003 1772 prolem.

544 1784 635 1841 Sic
659 1790 716 1841 δε
736 1775 890 1839 larva
908 1773 1127 1865 loquax
1148 1822 1163 1846 ‚
1185 1772 1260 1837 sic
1279 1771 1395 1837 filia
1416 1781 1592 1865 rupis,
1623 1786 1680 1838 δε
1698 1776 1913 1839 umbrae
1931 1821 1949 1847 ‚

551 1876 718 1936 Aeris
740 1915 757 1941 ,
779 1880 835 1932 δε
854 1865 1063 1957 luiguae
1083 1915 1100 1940 ‚
1129 1865 1272 1930 nulli
1293 1892 1418 1958 quat
1438 1859 1555 1931 visa
1571 1864 1918 1957 loquentum
1935 1913 1954 1939 3

548 1964 737 2028 Audit
759 2009 774 2033 ‚
795 1973 852 2024 &
872 1962 1101 2024 auditur
1121 1988 1135 2031 3
1158 1961 1504 2024 contendere
1524 1957 1780 2052 pluribus
1802 1983 1912 2022 una

554 2063 658 2119 Par
679 2076 814 2118 erat:
838 2066 894 2116 &
914 2078 1123 2117 vocem
1160 2050 1458 2139 superabat
1483 2057 1737 2142 imagine
1756 2057 1914 2115 vocis
1930 2097 1950 2112 .

651 2151 731 2212 At
751 2144 791 2210 s1
812 2143 964 2209 forte
984 2146 1102 2210 dies
1131 2170 1249 2209 non
1269 2145 1346 2208 est
1372 2151 1638 2209 innoxius
1658 2151 1849 2208 omnis
1870 2172 1885 2215 3

548 2246 624 2319 Et
653 2242 826 2305 breve
847 2264 965 2302 non
985 2235 1125 2301 aufis
1149 2235 1266 2301 hoec
1287 2235 1484 2302 lae-dere
1511 2244 1671 2301 Rura
1687 2234 1954 2328 procellis

546 2339 574 2410 J
583 2359 643 2396 us
679 2333 846 2397 datur
866 2360 880 2403 3
903 2330 1010 2394 hac
1031 2328 1270 2394 Coelum
1295 2337 1524 2394 venia-m
1559 2329 1821 2393 mercede
1856 2348 2141 2402 meretut3

557 2427 837 2514 Prodigio
859 2430 1155 2488 monitore
1174 2423 1418 2514 loquens
1438 2472 1450 2484 .
1480 2429 1600 2487 Stat
1633 2418 1854 2512 pen-silis
1891 2426 2095 2511 Augur

204 2530 380 2605 quenij
406 2527 490 2577 Ad
558 2519 738 2582 Haud
758 2515 1085 2609 procuLhas
1106 2522 1325 2580 circum
1343 2542 1559 2581 nomen
1579 2512 1832 2579 solemne
1848 2539 1949 2606 per
1967 2539 2097 2579 oras

205 2595 491 2658 agnoscenda
508 2663 515 2671 .
561 2615 846 2677 MARRIO
869 2660 876 2671 ‚
898 2610 1162 2674 :Pa-tidicae
1187 2607 1437 2699 speciem
1472 2613 1714 2673 mentita
1739 2605 2001 2696 Sibyllae,

204 2675 392 2724 tempora
396 2661 532 2722 famz-
759 2709 769 2718 ,
1365 2708 1372 2718 ,
1732 2705 1740 2714 .
2090 2711 2098 2717 ,

201 2728 314 2777 liare
325 2727 526 2793 portemfi
563 2711 713 2768 Fune
732 2702 908 2794 ligata
932 2727 1166 2767 comam
1186 2749 1203 2775 3
1222 2701 1570 2794 dem-istaque
1591 2698 1813 2764 fornice
1839 2703 1909 2766 ab
1936 2698 2056 2764 alto
2076 2745 2095 2772 ,

567 2803 843 2882 ·Qssssse8
859 2794 1205 2867 foemineum
1223 2792 1509 2888 suspendit
1533 2791 1805 2879 machina
1829 2794 2093 2950 &stult-31,
2111 2879 2191 2949 b]
2337 2812 2339 2818 2

2068 2909 2107 2948 0
2152 2908 2170 2948 l
2197 2907 2227 2945 e
2251 2941 2258 2950 .
