2341 3261
569 119 588 157 1

473 113 851 279 Coritzellare
866 173 1047 247 boves
1072 205 1087 253 ;
1107 176 1355 243 tentares
1373 170 1610 268 cuspide
1625 174 1824 243 tauro}
1842 176 1861 240 2

469 280 849 372 Grandiaque
867 282 1089 369 exiguis
1109 269 1397 367 prensares
1417 273 1593 337 ubera
1616 271 1867 338 dextris?

468 375 575 444 Oh
594 400 709 466 ego
729 396 786 440 te
804 378 1035 465 quoties
1059 392 1344 460 magnum
1363 362 1628 433 felicibus
1647 369 1821 432 Arvis

466 467 714 537 Promisi
742 465 1068 560 agricolam
1090 483 1102 529 ε
1129 487 1414 554 magnum
1432 458 1699 528 felicibus
1718 457 1894 526 haedis

466 566 758 631 Pastorem
779 581 790 626 ι
812 583 942 626 ante
961 608 979 635 ,
1001 584 1173 652 genas
1191 582 1319 623 aetas
1339 582 1518 650 quam
1536 553 1745 623 florida
1761 562 1961 648 pinxet
1979 561 2004 629 ,⁴

464 664 555 724 Te
573 655 798 722 factura
815 661 1010 722 virum
1031 682 1045 727 3
1065 664 1186 720 iam
1204 677 1260 719 te
1280 651 1469 718 feciffe
1494 658 1776 717 maritum
1794 698 1812 725 ‚

463 758 668 843 Atque
686 748 961 818 scientem
978 756 1100 840 agri
1119 795 1137 824 ,
1157 761 1215 814 ὃς
1236 753 1434 839 pecori
1454 750 1701 841 praebere
1728 743 2072 836 magistrum

462 853 536 938 Sp
546 870 763 911 etaram
783 892 797 907 .
818 842 940 911 haec
959 867 1152 909 rerum
1171 843 1334 909 crudi
1354 842 1666 908 molimina
1685 843 1879 906 turbat

459 945 567 1006 Vis
587 937 723 1005 fati.
744 939 859 1005 heu
879 957 892 1006 ε
915 933 1072 1004 nulla
1099 937 1179 1003 est
1197 934 1322 1003 fato
1343 938 1646 1029 prudentia
1672 943 1864 1019 major
1881 980 1898 996 .

462 1039 665 1100 Dicite
681 1032 979 1100 crudelem
999 1057 1171 1126 pecus
1190 1080 1207 1107 ‚
1226 1056 1478 1124 arvaque
1512 1031 1690 1096 dicite
1721 1036 1952 1120 Regem
1971 1076 1986 1090 .

457 1128 718 1222 Plangite
739 1151 1084 1222 proereptum
1102 1175 1122 1203 ‚
1143 1150 1313 1219 pecus
1332 1174 1349 1200 ,
1368 1151 1620 1217 arvaque
1640 1123 1895 1216 plangite
1914 1118 2237 1214 Daphnim.

550 1224 935 1308 Credideram
956 1249 1074 1287 non
1095 1221 1199 1284 effe
1219 1268 1236 1294 ,
1252 1219 1422 1285 miser
1442 1268 1459 1294 ,
1477 1220 1582 1284 nili
1601 1215 1870 1284 meffibus
1896 1224 2046 1282 iram

456 1318 785 1391 GrandiniS,
805 1340 979 1409 atque
997 1315 1257 1381 timenda
1276 1313 1398 1406 lupi
1417 1320 1486 1400 iej
1497 1321 1629 1377 unia
1648 1322 1821 1377 tauris
1841 1359 1858 1384 ,

453 1410 851 1504 Infestumque
870 1417 1012 1475 Satis
1031 1409 1297 1481 fluvium,
1317 1406 1464 1473 nihil
1492 1406 1626 1471 inde
1653 1405 1941 1470 sinistrum

449 1505 571 1570 Effe
590 1503 753 1598 super
774 1533 786 1568 :
807 1530 912 1571 nec
930 1526 1089 1569 erant
1108 1507 1275 1568 nobis
1295 1524 1434 1566 nota
1452 1500 1626 1566 altera
1644 1500 1901 1564 monstra
1918 1547 1933 1562 .

448 1603 535 1664 At
561 1626 684 1665 non
702 1597 861 1689 sylva
879 1605 988 1664 tuis
1011 1603 1204 1663 omnis
1226 1602 1359 1660 Feta
1377 1601 1523 1660 vivit
1540 1601 1601 1660 in
1628 1616 1801 1659 antris
1824 1621 1837 1656 :

448 1699 522 1758 Et
542 1699 690 1785 parit
709 1691 863 1758 Aula
883 1699 1043 1756 Feras
1065 1739 1078 1753 .
1096 1697 1215 1779 jam
1237 1696 1452 1781 parcite
1469 1689 1670 1779 tigridi
1690 1736 1706 1762 ‚
1728 1700 1785 1752 δε
1804 1712 1948 1778 apro

445 1792 476 1865 J
483 1790 598 1851 usta
618 1812 829 1852 canum
847 1788 1027 1853 rabies
1045 1813 1060 1859 3
1083 1810 1202 1849 non
1221 1784 1294 1848 est
1318 1788 1438 1848 fera
1459 1779 1714 1875 pessima,
1732 1786 1928 1873 Tigris
1950 1808 1966 1855 ς

448 1887 598 1947 Non
615 1879 869 1946 crudelis
890 1888 1052 1972 Aper
1072 1907 1088 1952 3
1125 1871 1222 1944 sed
1242 1877 1454 1969 tigride
1474 1884 1638 1970 pejor
1670 1887 1730 1940 &
1756 1901 1902 1967 apro

444 1977 534 2039 Ira
552 2021 569 2048 ‚
589 1971 684 2039 sed
702 1974 966 2038 Herodis
985 2022 999 2033 .
1027 1971 1191 2034 Mala
1208 1978 1268 2034 in
1286 1978 1489 2035 omnia
1508 1996 1602 2034 me
1622 1995 1765 2035 unus
1785 1970 2019 2062 adegit]

442 2073 641 2133 Dicite
659 2065 955 2133 crudelem
972 2088 1215 2131 nemora
1239 2072 1442 2129 omnia
1460 2068 1636 2131 dicite
1657 2071 1882 2156 Regem
1901 2112 1916 2127 .

537 2168 692 2255 Saepe
711 2168 888 2228 etiam
906 2156 970 2224 ut
1007 2166 1206 2252 pecori
1228 2160 1420 2251 pastor
1438 2207 1454 2233 ‚
1485 2184 1787 2252 pueroque
1814 2159 2101 2225 timebam

440 2253 636 2321 Multa
656 2278 819 2348 pater
834 2303 849 2317 .
872 2253 1032 2320 Solet
1060 2261 1252 2318 omnis
1297 2278 1466 2319 amor
1484 2279 1686 2319 comes
1716 2260 1799 2318 ire
1819 2259 2057 2320 timori.

439 2347 672 2414 Scilicet
691 2348 789 2414 ille
817 2350 1030 2441 pedem
1049 2347 1217 2414 molli
1247 2375 1319 2413 ne
1337 2349 1595 2414 crederet
1612 2374 1754 2413 arvo
1775 2376 1790 2421 ;

439 2446 688 2509 Lubrica
716 2440 866 2507 fallit
884 2441 1097 2508 humus
1118 2470 1133 2506 ι
1154 2441 1293 2535 saepe
1313 2441 1528 2508 illum&
1554 2450 1817 2534 margine
1835 2448 1972 2537 ripae

438 2538 779 2602 Audentem
794 2547 950 2602 vetui
975 2539 1319 2628 procedere,
1340 2565 1460 2603 non
1485 2541 1631 2604 bene
1657 2547 1793 2630 ripa:

438 2630 717 2697 Creditur
733 2637 1023 2722 :imperio
1044 2635 1276 2723 parebat
1296 2639 1561 2725 protinus
1582 2629 1767 2696 infans
1789 2680 1804 2694 .

434 2728 592 2815 Saepe
612 2732 788 2791 etiam
807 2723 1135 2819 implacido
1161 2734 1318 2792 vetui
1339 2726 1637 2793 colludere
1664 2752 1879 2818 capro;

434 2822 645 2897 Cornu
667 2845 921 2912 namque
938 2826 1084 2914 petit
1104 2848 1117 2884 ε
1141 2822 1554 2897 monstrabam,
1575 2819 1807 2914 pestifer
1821 2828 1882 2887 in
1900 2843 2024 2910 quo

1885 2911 2111 2977 Inlidiat-
