2341 3261
1734 106 1790 154 81

131 192 368 269 Surgere
393 189 451 247 in
468 182 635 247 Urbe
652 179 906 251 Domos;
927 202 994 243 ac
1011 185 1272 270 Spartam
1290 182 1528 269 iungere
1553 179 1800 251 Athenis
1822 212 1836 247 ;

135 257 496 369 ΞΡΙΞηάἰάἰοῐ
516 271 692 338 titulis
720 321 737 346 ,
757 285 812 337 ὃ(
834 273 1067 336 Mundo
1086 274 1263 337 divite
1287 282 1477 336 maior

136 377 256 434 Has
276 373 482 431 meruit
503 372 678 431 virtus
698 413 714 437 ‚
742 364 840 428 has
861 372 1043 428 virtus
1069 361 1275 427 incolit
1294 364 1473 428 AEdes
1490 411 1504 426 .
1619 419 1623 421 ,

229 457 346 524 Hic
364 480 418 521 te
437 480 650 548 quanta
667 455 818 547 seges
839 457 1131 520 lautorum
1151 502 1170 527 >
1192 467 1249 520 ὃς
1267 455 1481 520 semina
1508 454 1750 524 laudum
1768 507 1788 534 ‚

139 558 194 616 Si
213 574 402 615 tamen
421 549 536 640 ipse
554 556 758 613 Larem
773 575 893 613 non
920 549 1242 638 dedignaris
1262 554 1519 615 amicum

26 710 27 728 2
141 642 352 708 Phoebe
379 661 642 706 manent!
678 642 905 731 Rigidis
927 640 1057 704 licet
1075 646 1433 728 experiamur
1452 648 1510 704 in
1538 648 1710 707 armis
1734 690 1756 717 ,

0 752 28 856 35
138 732 505 825 Terribilesq,
533 740 706 798 etiam
727 730 1318 823 puerum'foimemus
1340 733 1413 796 ad
1433 732 1580 804 usus,

142 834 472 892 Praeteream
490 848 728 890 armatas
746 823 937 890 laudes
956 873 969 886 .
998 831 1334 888 Commune
1350 830 1379 901 J
1385 847 1604 889 uventae
1887 858 2186 907 Conviffiorum

146 921 238 984 Est
256 917 471 982 fui-ere:
500 917 657 982 irasci
689 915 920 981 calamis
937 965 955 991 ,
975 929 1033 981 &
1061 941 1283 980 currere
1314 917 1386 981 ad
1414 916 1567 982 enses
1585 964 1600 979 .
1915 926 2232 998 exerfitatioqes

146 1017 279 1077 Nec
305 1032 358 1074 te
376 1008 577 1074 laetitia:
596 1009 818 1074 soboles
837 1057 854 1082 ,
874 1035 940 1073 ac
958 1032 1138 1072 mater
1157 1007 1409 1073 honestae
1889 1005 1981 1103 ¹²2ss
1992 989 2237 1122 [Ε’ῑὲῗσῗῧῇ)

149 1104 241 1168 Est
268 1102 579 1165 meminisse
597 1108 818 1165 animus
837 1149 853 1173 ,
882 1126 1159 1165 manuum
1177 1102 1372 1165 divina
1407 1100 1609 1192 poesis,

152 1201 300 1275 Qae
319 1192 537 1257 cithara
554 1192 751 1256 ludens
771 1241 787 1266 ,
808 1206 865 1257 ὃς
885 1192 977 1257 fila
1005 1192 1272 1283 loquacia
1295 1193 1516 1283 pulsans
1537 1243 1558 1269 ,

151 1293 231 1352 Vi
267 1284 469 1351 blanda
487 1285 666 1350 versas
692 1291 917 1349 animos
934 1333 953 1359 ,
971 1283 1034 1349 iit
1055 1283 1265 1375 pollice
1285 1284 1529 1350 chordas
1550 1335 1566 1350 .
1899 1274 2211 1334 Caeterarumffi

443 1384 450 1392 ,
530 1380 533 1381 ⁷
682 1377 694 1385 .
896 1386 905 1393 ,
1205 1386 1213 1394 ,
1491 1378 1506 1386 ,
1898 1339 2134 1386 liberalium

248 1385 412 1443 Unus
439 1377 718 1442 moffenlo
746 1405 864 1442 non
893 1401 996 1441 iret
1016 1376 1290 1468 Apolline
1310 1426 1326 1450 ,
1356 1382 1525 1443 Musa.

1899 1420 2054 1453 armum
2074 1443 2083 1453 .

156 1470 332 1537 Laesus
351 1472 420 1535 ab
432 1475 771 1533 'immemori
793 1499 806 1541 3
829 1478 928 1561 qui
949 1472 1090 1534 dum
1110 1472 1386 1535 testudine
1407 1474 1620 1536 eburna

158 1564 366 1643 Ludus,
392 1566 460 1627 ab
483 1567 679 1626 Aonio
700 1562 872 1626 trahit
900 1571 1101 1626 omnia
1127 1569 1392 1627 Numina
1415 1563 1596 1630 Clivo
1613 1612 1627 1625 .

159 1662 328 1719 Pieris
356 1655 590 1743 indulge
609 1703 623 1727 ,
647 1667 701 1718 &
724 1677 957 1718 cantum
979 1653 1248 1744 suspende
1278 1664 1537 1720 canenti.

254 1752 399 1810 Non
418 1745 528 1810 abii
545 1772 644 1809 ceu
672 1745 766 1810 fila
785 1773 980 1817 manu,
1000 1754 1235 1811 tactuve
1257 1746 1516 1811 fruantur
1536 1776 1554 1820 ·‚

163 1839 372 1902 Moesta
390 1884 406 1909 ,
427 1841 521 1904 ubi
542 1837 594 1901 se
613 1862 823 1902 norunt
840 1840 1027 1903 alieno
1049 1837 1294 1930 pendula
1313 1838 1469 1903 collo
1490 1868 1504 1911 ;
1907 1836 2152 1949 Dcffriptio
2198 1845 2257 1878 ἴθ-

165 1936 419 2019 Ingratos
441 1928 657 1995 ululant
678 1937 904 2020 ingrato
929 1957 1224 1995 murmure
1243 1932 1315 1995 ad
1349 1938 1528 1995 istus:
1905 1906 1970 2020 {³5²}
1989 1914 2259 2016 Eglocanen-

167 2023 271 2086 Ast
289 2019 453 2086 simul
473 2045 680 2113 optatae
699 2021 979 2086 senserunt
1000 2028 1231 2088 verbera
1267 2024 1475 2088 dextrae
1494 2052 1511 2097 3

171 2119 460 2205 Accepere
478 2139 654 2178 novas
675 2137 899 2178 mutato
922 2114 1264 2206 Amphione
1284 2141 1459 2180 voces
1478 2162 1491 2176 .

175 2212 292 2269 Hic
310 2209 441 2270 dare
459 2205 714 2271 laetitiam
733 2207 938 2272 fidibus
958 2255 973 2280 ‚
996 2207 1364 2297 lamentaque
1381 2255 1398 2279 ,
1427 2220 1485 2271 ὃς
1507 2211 1614 2271 iras

179 2302 318 2361 Arte
335 2297 481 2362 valet
499 2347 512 2360 .
530 2299 750 2386 Lepido
771 2297 811 2361 si
836 2299 1064 2363 vellicet
1092 2300 1281 2363 indice
1309 2328 1323 2371 ·,
1354 2299 1495 2363 laetis

179 2388 495 2453 Subsultare
513 2416 715 2454 animis
739 2390 978 2454 ridentia
1004 2390 1098 2454 fila
1122 2393 1340 2455 videbis
1370 2418 1383 2453 :

181 2487 430 2546 Dextera
450 2480 488 2544 si
505 2481 686 2572 pulset
706 2485 1063 2548 moribundo
1091 2482 1365 2572 languida
1399 2507 1565 2546 more
1584 2509 1607 2553 τ,

183 2574 279 2637 Ad
301 2573 562 2662 questum
587 2576 845 2638 erudiens
866 2622 883 2647 ,
901 2579 1218 2639 moerorem
1238 2582 1297 2638 'in
1315 2599 1569 2638 carmina
1590 2570 1872 2639 blandum

186 2663 433 2728 Insinuat
459 2692 474 2735 3
501 2665 759 2755 tristique
774 2669 905 2732 beat
931 2665 1234 2731 dulcedine
1261 2664 1443 2730 sensus
1465 2679 1479 2727 ε’

187 2762 244 2820 Si
262 2767 508 2848 praece'ps
523 2780 720 2823 manus
739 2805 757 2832 ,
776 2780 872 2825 aut
899 2760 1069 2850 digiti
1094 2756 1379 2827 variabilis
1401 2781 1559 2822 error
1614 2842 1712 2912 ssd

1519 2852 1608 2913 Di
1657 2872 1674 2909 i
1718 2851 1841 2910 ium
