2341 3261
1721 217 1756 268 7

76 277 421 347 Concessum
441 307 454 343 ε
475 288 534 344 δε
551 276 758 344 virides
777 274 955 343 oculo
977 298 1331 365 componere
1348 283 1548 343 Scenas
1565 326 1580 341 .
1821 274 2068 387 Hor-tesi}
2062 275 2192 363 ‘413³'ss

74 373 254 439 Haud
271 394 460 437 tamen
480 373 558 436 est
573 369 784 436 misero
802 374 1036 460 penuria
1064 374 1229 433 Veris
1247 376 1308 434 in
1325 377 1529 439 Horto
1550 398 1562 433 :
1827 344 2007 462 &wgo
2072 361 2112 386 ὡ
2126 376 2131 383 ’
2144 356 2177 384 ἴ]
2192 369 2207 378 .

74 463 298 555 Nilque
316 463 418 529 suo
436 470 556 530 Ver
575 466 743 529 debet
759 487 900 553 agro
919 510 932 522 .
957 461 1229 526 Custodit
1247 462 1490 553 aprilem

73 564 240 623 Urna
256 555 522 648 frequens
544 584 557 618 ε
584 553 810 621 nullum
832 552 925 619 hic
944 580 1062 618 non
1081 552 1238 618 claro
1256 562 1497 621 nomine
1515 583 1752 649 germen
1776 607 1793 634 2

73 647 335 714 Exiliove
362 647 579 738 insigne
601 647 703 713 suo
720 695 738 720 ,
757 646 847 712 vel
868 653 1053 736 Stirpe
1080 643 1390 736 superbum
1407 697 1426 722 ,

73 739 186 807 Vel
216 747 398 805 Patria
417 789 430 803 .
449 740 577 806 Flos
595 737 782 804 nullus
800 740 952 804 abest
968 785 985 812 ,
1007 762 1184 829 quem
1205 764 1455 830 purpura
1473 749 1661 808 maior
1683 796 1700 817 ,

74 839 275 915 Qem
292 855 432 898 nota
450 832 705 900 nobilior
723 879 740 905 ,
762 856 937 921 quem
958 829 1258 921 pulchrior
1278 855 1444 897 ornet
1463 842 1704 901 amictus
1725 867 1739 911 3
1792 850 1793 853 ’

73 931 145 990 Et
171 924 373 991 formae
398 925 640 1016 insigni,
667 927 872 991 dotem
894 929 995 1015 qui
1014 929 1216 1014 iungat
1234 925 1430 989 odoris
1452 975 1464 989 .

165 1026 434 1109 Dignum
452 1044 658 1109 nempe
677 1043 875 1108 geum,
905 1018 1068 1107 quod
1085 1043 1204 1080 non
1223 1016 1479 1107 vulgaria
1498 1017 1728 1087 laudent

74 1117 317 1175 Lumina
334 1158 351 1183 2
373 1124 429 1174 δε
448 1109 697 1175 obscurae
722 1110 949 1173 occidat
967 1134 1166 1173 manus
1185 1131 1304 1173 atra
1329 1110 1533 1177 Puellae
1549 1160 1563 1175 .

71 1205 342 1267 Ambitio
364 1205 440 1265 est
458 1250 475 1275 ,
496 1201 535 1265 fi
555 1202 709 1267 forte
727 1203 857 1265 data
875 1227 1013 1265 nece
1032 1230 1045 1274 3
1075 1208 1261 1292 Regia
1282 1209 1517 1268 Coniux

71 1296 334 1358 Testetur
354 1293 613 1384 placuisse
638 1294 774 1359 fibi.
824 1299 981 1359 Rosa
1003 1298 1274 1385 perbreve
1292 1297 1560 1370 donum,

70 1392 216 1451 Non
259 1394 516 1477 queritur
533 1435 550 1460 ,
578 1386 670 1451 seu
689 1386 835 1452 lecta
852 1412 1063 1459 manu,
1083 1385 1175 1451 seu
1197 1394 1392 1476 pectus
1412 1391 1616 1481 adepta

71 1485 308 1568 Regina?
324 1527 341 1552 ,
376 1486 571 1570 regina
597 1486 749 1545 mori
777 1505 789 1540 :
842 1502 966 1543 tum
999 1478 1198 1543 funere
1229 1480 1421 1544 odoro

71 1570 348 1635 Exhalare
373 1580 626 1636 animam
646 1621 662 1645 ,
691 1597 869 1663 quam
903 1579 1175 1663 Principis
1210 1571 1435 1637 hauriat
1484 1581 1685 1641 Uxor,

71 1662 164 1725 Est
183 1689 422 1754 quoque
442 1666 713 1730 divitibus
735 1662 967 1755 spoliari
994 1663 1182 1755 gloria
1203 1670 1379 1728 Cirris
1406 1692 1420 1727 z

70 1761 178 1818 Seu
199 1782 383 1846 quum
405 1764 551 1821 Vere
571 1783 727 1821 novo
747 1756 1047 1821 canescunt
1064 1756 1207 1821 flore
1226 1765 1438 1823 recenti
1460 1787 1475 1832 5

70 1853 199 1911 Sive
218 1851 315 1912 ubi
334 1847 430 1912 Sol
458 1848 610 1913 flavo
629 1851 859 1914 decoxit
880 1848 1031 1913 mala
1056 1847 1253 1913 colore
1273 1879 1288 1923 3

71 1944 398 2029 Argentum
425 1940 609 2005 modo
629 1942 773 2006 ferre
793 1941 901 2006 suis
930 1989 948 2015 ,
975 1939 1160 2006 modo
1187 1947 1445 2034 Regibus
1489 1957 1734 2013 aurum?

163 2038 282 2096 Hic
303 2030 493 2097 honor
511 2034 588 2097 est
607 2040 812 2097 Hortis
840 2081 853 2094 .
883 2032 1112 2098 Floram
1131 2060 1232 2098 exc
1245 2040 1353 2127 ipit
1369 2040 1544 2107 ardua
1563 2039 1714 2107 celso

69 2128 392 2214 Exuperans
420 2132 605 2216 capite
623 2173 641 2198 ,
661 2138 718 2190 &
737 2151 915 2216 regno
935 2132 1154 2189 maiore
1180 2133 1369 2197 Diana
1385 2180 1400 2196 .
1821 2161 2116 2228 VoluptW-m„

69 2213 172 2278 Illa
190 2214 342 2280 senes
367 2216 563 2306 Sylvas
583 2224 755 2282 etiam
775 2221 846 2283 ad
864 2217 1053 2283 felicia
1074 2226 1255 2284 nutrit
1892 2232 1950 2280 N
1952 2249 2064 2282 emus
2083 2276 2091 2284 .

70 2313 242 2371 Otia.
294 2310 830 2386 Laudatur·ste1:ili5‚
856 2312 1009 2375 cadit
1036 2310 1189 2375 utilis
1207 2313 1378 2379 arbor
1395 2362 1413 2388 ,

67 2399 342 2466 Fertilitas
362 2409 453 2466 cui
472 2403 639 2494 culpa
658 2402 770 2468 fuit
785 2452 799 2466 .
838 2400 1098 2468 Tantum
1124 2404 1336 2469 horror
1355 2454 1372 2480 ,
1394 2419 1452 2472 δε
1485 2407 1689 2472 umbra
1715 2414 1736 2479 3

69 2497 304 2557 Divitiae
321 2494 617 2560 censentur
633 2502 785 2586 agri.
838 2501 1003 2586 Fugit
1023 2496 1173 2561 ordo
1192 2503 1417 2563 viarum

69 2581 351 2649 Plurimus
372 2634 389 2659 2,
421 2600 478 2652 ὃς
496 2590 736 2679 cupidos
757 2613 855 2677 per
881 2587 1057 2678 longa
1077 2588 1326 2679 pericula
1345 2590 1493 2658 visus

68 2680 341 2741 Exercere
358 2684 515 2744 iuvat
536 2708 549 2742 :
570 2687 760 2744 metiri
781 2677 1000 2744 lumine
1019 2679 1206 2744 cursus
1228 2728 1247 2754 ,

67 2765 530 2861 Praescriptasque
548 2771 709 2861 fugas
734 2778 1069 2838 Nemorum
1086 2820 1099 2834 .
1135 2779 1280 2837 Non
1298 2776 1542 2860 praeterit
1558 2776 1730 2840 arbor

71 2860 398 2931 Consilium
422 2870 674 2953 Domini
696 2873 996 2955 :meminit
1015 2891 1130 2958 qua
1146 2863 1272 2954 lege
1298 2864 1526 2930 iubetur

1591 2963 1733 3021 Crem
