2341 3261
0 322 3 392 l

1651 232 1751 274 ποτε

156 297 339 365 ‹Flora
359 298 475 364 loci
493 300 680 363 custos
701 344 717 368 ,
735 293 936 387 opifex
956 344 973 369 ,
1002 304 1314 389 reginaque
1332 304 1506 366 Ruris
1526 345 1544 371 ,

0 397 1 429 ³
81 398 246 458 Dum
266 393 544 456 meditans
565 396 762 455 animo
782 388 1004 454 cultum
1024 390 1354 456 admirabils
1376 397 1522 483 Agri
1541 420 1556 465 3

78 490 306 549 Nititur
326 483 604 550 hortensis
634 502 810 546 metas
829 489 1107 572 attingere
1127 482 1308 548 laudis
1327 532 1344 557 ,

79 583 359 668 Concipit
379 583 680 667 ingenium
705 580 955 638 Domini
977 601 1321 667 :moresque
1340 575 1530 642 secuta

77 674 458 759 virtutesque
477 717 494 743 ,
515 667 674 732 luam
696 664 822 730 sese
851 665 1131 731 formavit
1156 669 1230 732 ad
1246 691 1463 733 artem:

75 760 301 853 Nilque
327 783 485 852 parat
504 809 519 834 ‚
539 762 702 825 dotes
723 760 887 850 quod
904 786 1024 824 non
1049 766 1310 824 imitetur
1336 759 1541 826 heriles
1561 811 1577 824 .

74 852 305 918 Scilicet
326 851 434 919 hac
453 852 716 943 amplum
741 850 1017 942 generosa
1033 857 1280 917 excurrit
1299 862 1357 917 in
1374 879 1573 945 :equor
1591 885 1607 929 5

75 943 199 1010 Illic
219 945 524 1038 perspicuis
545 944 756 1010 sincera
773 944 1009 1036 patescit
1041 952 1101 1010 in
1128 947 1294 1010 undis
1313 973 1328 1017 3

76 1044 258 1102 Dives
279 1041 356 1103 ibi
378 1045 679 1129 ingenium
696 1037 862 1101 lautis
880 1038 1125 1102 ostentat
1150 1045 1210 1101 in
1244 1045 1452 1103 Hortis
1472 1086 1485 1098 .

72 1129 175 1195 Illa
192 1156 422 1195 memor
440 1155 662 1220 quanto
683 1155 841 1193 mens
863 1128 1109 1194 Praefidis
1127 1129 1241 1194 alta
1258 1134 1541 1221 gubernet

72 1225 299 1287 Ordine
318 1244 407 1289 tot
434 1226 623 1287 turbas
643 1247 889 1313 operum
907 1270 924 1295 ,
944 1248 1252 1313 rerumque
1280 1222 1558 1289 tumultus
1578 1253 1592 1297 3

396 1321 405 1331 ,
494 1314 505 1323 .
559 1321 567 1330 ,
716 1313 734 1323 ,
834 1321 842 1330 ,
959 1322 968 1330 ,
1143 1322 1151 1330 ,
1831 1269 1888 1320 In
1896 1274 2099 1332 gerendis
2112 1289 2183 1323 ne.

70 1321 231 1381 Rura
245 1315 375 1381 lhaec
393 1340 451 1379 1n
469 1322 674 1380 {errem
696 1321 769 1379 lic
788 1315 998 1406 digent
1018 1319 1274 1407 undique
1293 1324 1545 1390 reeram3
1819 1340 1950 1399 gotijs
1975 1343 2149 1404 capaci.

69 1414 160 1474 Ut
178 1406 323 1473 nihil
343 1408 677 1499 imprudens
695 1455 713 1481 ,
746 1406 1259 1500 inconsultumque
1276 1409 1514 1476 virescat
1530 1459 1545 1474 .
1828 1417 1922 1517 {fc-1⁹>
1935 1406 2180 1472 acpruden.

70 1508 238 1566 Vana
254 1526 359 1566 nec
377 1504 625 1566 ambitio
653 1499 871 1593 plantas
898 1499 1102 1566 invasit
1119 1508 1313 1567 inanes

69 1596 511 1658 Ostentatricem
534 1592 817 1657 foliorum
843 1592 1121 1658 accersere
1141 1618 1455 1686 pompam3

66 1691 211 1750 Non
233 1708 458 1778 captare
475 1711 675 1750 auram
692 1734 708 1760 ‚
729 1713 845 1750 non
865 1712 1115 1777 quaerere
1148 1688 1469 1778 sumptibus
1492 1691 1780 1766 umbrarm
1829 1735 1971 1782 Amor
1976 1735 2056 1801 soh-
2055 1737 2091 1787 d
2089 1754 2127 1789 ἡ

67 1780 160 1843 Est
186 1780 355 1843 decus
376 1785 434 1842 in
453 1777 646 1842 studui
663 1826 676 1839 .
703 1785 938 1870 Semper
956 1781 1027 1844 de
1053 1780 1232 1844 divite
1250 1782 1450 1845 Fundo
1833 1798 2013 1856 laudis,

66 1877 287 1961 Largiri
309 1872 705 1962 quodcunque
723 1868 1061 1963 velis.quot
1096 1896 1350 1963 namque
1380 1870 1562 1939 tulere
1825 1931 1875 1981 R
1934 1934 1958 1945 ..
2086 1937 2112 1951 ..

63 1963 288 2030 Nobile
306 1967 376 2028 ab
395 1970 605 2054 ignoto
628 1969 876 2053 pretium
900 1971 1164 2029 Pomaria
1184 1966 1435 2040 MundO,
1809 1949 2148 2062 ριξξῖἷῇἶὲζρ

62 2058 267 2120 Fundit
293 2081 442 2146 ager.
464 2057 713 2137 Qicffin
741 2054 1035 2147 hac,quod
1054 2055 1132 2121 nil
1154 2056 1354 2123 tellure
1379 2057 1704 2149 malignum
1731 2062 1993 2139 eststratio.

61 2148 170 2214 Nil
192 2148 398 2212 hostile
421 2165 436 2210 ?
459 2151 677 2214 bonam
698 2155 849 2213 Gens
883 2175 1126 2241 quaeque
1152 2173 1382 2240 experta
1401 2158 1693 2218 virentum

62 2242 280 2306 Laudat
303 2239 378 2304 hu
388 2247 769 2305 mumziundta
785 2240 1075 2332 allobrogi
1095 2245 1260 2308 rubet
1277 2269 1510 2310 armena
1528 2251 1743 2314 Pomus
1760 2295 1781 2325 ,

61 2333 281 2398 Perside
301 2333 459 2396 missa
479 2339 653 2421 Pyrus
674 2380 689 2406 ‚
710 2335 1012 2424 quondam
1032 2334 1377 2424 babylonica
1396 2342 1628 2416 MoruS,
1817 2335 2035 2415 ngenium
2047 2337 2162 2387 Fla·

59 2423 319 2516 Oblique
336 2423 548 2489 stolido
569 2432 726 2489 Ficus
745 2423 1023 2491 balearica
1041 2427 1199 2493 collo
1220 2455 1234 2492 ε
1816 2404 2028 2521 ssffissss'ff
2043 2405 2165 2454 ‘'lm'’

59 2523 189 2582 Nec
208 2515 512 2582 lusitanam
533 2524 728 2582 Citrus
748 2517 899 2608 ligur
916 2521 1111 2585 invida
1131 2527 1367 2586 Citrum
2018 2508 2032 2521 ο

59 2611 282 2702 Aspicit
301 2636 316 2681 3
336 2629 433 2672 aut
450 2634 647 2674 coram
665 2610 895 2676 meliori
928 2610 1132 2703 palluit
1148 2639 1290 2679 auro
1308 2660 1323 2676 .

64 2707 329 2767 Francica
349 2726 482 2764 cum
503 2701 657 2788 Sirijs
676 2729 786 2769 una
803 2707 1007 2769 arbore
1026 2712 1211 2771 Pruna
1227 2754 1245 2780 ,
1273 2704 1583 2798 latinisque

58 2798 255 2860 Attica
275 2818 410 2860 cum
430 2792 780 2866 Malis‘,‘felici
807 2794 1012 2862 faedere
1031 2819 1286 2890 regnant.

94 2924 97 2926 >
154 2891 253 2953 An
278 2883 576 2982 popularis
594 2910 781 2967 amor,
800 2887 1102 2983 facihsque
1122 2903 1180 2957 &
1202 2915 1422 2984 pronus
1445 2897 1506 2970 in
1530 2903 1736 2966 ornnes
1799 2891 1801 2894 ¹

843 2986 918 3049 M
967 3007 1003 3065 π,
1662 2990 1742 3061 'Id
1782 3004 1785 3007 “
