2341 3261
1693 134 1780 169 101

30 210 32 271 J
117 196 347 266 Mobile
365 219 572 287 corpus
591 218 762 285 agens
781 188 877 268 3⁶&
904 190 1282 258 suntoracula
1323 190 1518 262 motus
1537 242 1551 257 .

29 298 31 320 ³
116 298 337 380 Namq3
369 295 505 353 Lare
535 297 591 354 in
612 288 809 352 medio
830 296 1199 377 circumvaga
1213 292 1527 379 Temporis
1547 289 1740 363 index,

27 452 28 458 χ
115 391 274 451 Hinc
290 381 509 474 pluvias
528 388 671 475 petit
689 428 706 454 3
725 381 858 446 inde
875 386 1076 445 Notos
1098 408 1110 443 ε
1130 386 1263 445 Hac
1280 380 1528 473 pendula
1546 380 1703 449 Soles
1723 429 1742 456 3

25 490 28 497 ’
115 485 245 544 Hac
264 473 386 539 vult
407 497 563 566 parte
590 482 744 539 nives
765 522 777 535 .
796 477 923 540 Ubi
941 473 1120 540 libera
1138 472 1365 566 respicit
1383 476 1660 542 Austrum
1678 502 1694 548 3

24 594 26 598 ’
116 566 337 638 Nubila
356 565 461 632 sint
491 574 756 659 quamvis
776 615 793 640 3
815 570 1083 658 pendenti
1102 570 1328 633 turbine
1348 565 1528 634 nullas

23 659 24 676 ³
116 669 337 728 Horret
358 665 573 726 Arator
600 686 773 752 aquas
797 659 1024 725 :Solem
1059 658 1400 750 tranquillus
1433 681 1699 752 apertum

19 817 22 835 2
117 760 392 846 Expectat
411 783 425 827 3
446 777 768 845 truncoque
803 759 986 844 magis
1007 803 1022 824 3
1043 777 1221 843 quam
1248 753 1429 817 credit
1449 751 1738 844 Olympo.

20 878 21 882 ¹
118 853 200 915 At
219 846 258 912 fi
277 846 548 912 nubiferis
568 845 904 911 descendere
923 848 993 912 ab
1011 844 1232 937 alpibus
1254 848 1440 911 imber

120 947 395 1031 Cogitet3
425 941 726 1030 indignans
744 946 1049 1003 avertitur:
1077 964 1178 1003 ore
1205 944 1513 1003 inimicum

118 1037 395 1123 Delignat
415 1039 679 1103 Boream,
706 1033 1100 1122 meditataque
1119 1032 1330 1106 damna
1349 1031 1561 1096 revelat

120 1129 483 1192 Nimborum
503 1132 774 1215 interpres
794 1172 811 1196 3
839 1131 1236 1215 taciturnaque
1272 1130 1433 1189 Vatis
1462 1133 1663 1214 imago
1684 1173 1698 1187 .

121 1225 278 1284 Tum
308 1243 545 1308 quoque
572 1216 727 1281 nulla
744 1218 880 1281 fides
901 1216 1075 1283 Coelo
1095 1246 1107 1288 3
1130 1244 1245 1283 non
1266 1215 1380 1282 visa
1424 1225 1700 1283 timentur

122 1309 358 1389 Nubila:
382 1318 638 1374 Venator
657 1336 986 1383 nemorum,
1011 1308 1258 1374 Piscator
1277 1335 1560 1401 aquarum

10 1450 12 1457 ›
80 1483 83 1486 ·
125 1413 284 1490 Irrita
303 1427 437 1467 vota
456 1402 655 1467 dolens
676 1452 691 1475 3
711 1402 799 1466 vel
822 1402 977 1467 claro
997 1402 1128 1469 Sole
1147 1452 1163 1475 3
1183 1402 1443 1467 serenum

124 1496 438 1588 Desperant
457 1545 468 1557 .
489 1497 595 1561 Sed
616 1522 735 1559 non
763 1494 895 1559 alias
923 1494 1281 1560 manifestior
1301 1521 1561 1587 unquam

127 1597 211 1653 Ira
236 1596 393 1667 Jovis
417 1618 430 1661 3
453 1614 630 1679 quam
649 1586 784 1652 cum
804 1596 1133 1653 Ventorum
1160 1592 1494 1654 incumbere
1513 1587 1661 1654 bella

129 1687 434 1773 Impatiens
453 1679 736 1773 praeientit
765 1687 925 1745 Anus
948 1710 959 1743 :
981 1704 1106 1746 tum
1133 1681 1279 1746 Solis
1315 1683 1387 1746 ad
1419 1704 1620 1746 ortum

126 1772 302 1840 Versa
320 1821 336 1846 3
357 1775 457 1838 diu
478 1782 670 1838 tremit
690 1802 703 1846 3
724 1780 900 1865 inque
920 1774 1036 1865 ipsa
1056 1774 1372 1839 formidine
1407 1775 1666 1838 constans
1689 1821 1710 1849 3

130 1873 371 1931 Lumina
389 1893 508 1931 non
526 1866 706 1930 flectit
727 1915 743 1940 3
771 1894 889 1932 non
911 1888 1068 1955 parte
1088 1868 1302 1931 recedit
1322 1869 1392 1933 ab
1422 1892 1534 1930 una
1554 1895 1568 1940 3

0 2013 1 2016 η
74 2010 81 2030 ἵ
130 1967 252 2024 Ore
269 1981 439 2024 vocat
460 1964 689 2024 nimbos
710 2007 726 2032 3
762 1960 1057 2051 invisaque
1090 1959 1325 2025 flamina
1349 1958 1534 2050 poscit
1557 1987 1572 2032 3

132 2052 432 2143 Qodque
451 2050 728 2117 horrescit
746 2100 762 2126 3
782 2075 936 2116 amat
956 2082 970 2125 3
992 2054 1179 2118 donec
1198 2080 1317 2118 non
1337 2051 1535 2116 fallere
1554 2050 1714 2143 signa

133 2145 426 2209 Constitit:
447 2170 702 2237 erupere3
724 2168 898 2236 atque
919 2144 1129 2210 aethera
1148 2148 1374 2211 turbine
1402 2171 1578 2210 rauco

135 2243 473 2328 Corripiunt
490 2286 508 2311 3
526 2239 679 2302 misti
696 2286 714 2312 3
757 2237 1175 2329 miscentesque
1192 2248 1391 2303 omnia
1409 2242 1586 2303 Venti
1605 2283 1620 2298 .

132 2332 305 2393 Tunc
326 2341 382 2393 ὃς
398 2328 770 2419 Tyrrhenum
792 2328 1074 2422 quantum
1101 2331 1307 2423 procul
1327 2332 1516 2395 aestuet
1537 2334 1770 2420 AEquor
1792 2373 1812 2401 3

82 2500 85 2502 q
134 2425 579 2513 Nautarumque
597 2427 755 2489 videt
781 2421 1048 2488 miserans
1082 2422 1413 2489 discrimina
1440 2424 1631 2488 Pastor
1651 2469 1664 2483 .

136 2519 344 2594 Qum
361 2536 552 2579 tamen
569 2517 879 2581 occiduam
903 2516 1221 2582 revolubile
1251 2518 1476 2608 pondus
1497 2523 1556 2580 in
1575 2539 1762 2586 oram,

136 2612 320 2695 Spirat
340 2609 436 2672 ubi
455 2614 761 2697 ignivomo
782 2615 1035 2676 Tectum
1056 2609 1321 2675 deforme
1351 2616 1584 2675 camino
1603 2654 1623 2681 3

134 2696 405 2763 Flectitur
423 2727 437 2772 3
459 2698 612 2765 haud
640 2701 764 2768 ullae
782 2702 1006 2767 valeant
1026 2727 1278 2768 avertere
1298 2712 1444 2767 vires
1464 2730 1478 2774 3
1563 2705 1564 2710 '

141 2796 301 2874 Qin
319 2801 530 2857 iterum
545 2840 564 2868 3
590 2815 760 2885 atque
779 2803 990 2864 iterum
1007 2799 1220 2872 redeat,
1239 2790 1523 2887 semperq3
1549 2812 1763 2884 negato
