2341 3261
1714 137 1736 172 1

32 200 33 207 '
122 193 388 266 Hortule
406 245 425 273 ,
441 193 660 277 Rivule
675 243 694 270 ‚
712 190 894 270 Fonsg
912 191 1070 261 nulla
1089 195 1167 261 est
1186 201 1303 261 iam
1323 194 1518 260 forma
1535 242 1557 271 ,
1570 135 1792 265 valet?

123 298 326 361 Dicite
351 291 648 358 crudelem
664 296 810 356 Fons
829 337 847 365 ,
872 289 1129 355 Hortule
1147 338 1166 364 ,
1183 288 1405 356 Rivule
1431 296 1661 379 Regem
1679 342 1693 355 .

121 385 385 452 Hortule
402 434 422 460 ,
442 386 659 452 Rivule
674 433 692 460 ,
712 390 1203 453 Fonsaextinrstum
1224 381 1479 477 plangite
1497 384 1824 479 Daphnim.

219 479 310 545 Illi
330 478 573 574 pulcher
601 485 762 545 Avus
781 477 1002 554 fuerat,
1037 477 1425 571 pulcherrima
1452 484 1680 555 Mater,

120 576 256 640 Nec
274 573 399 639 sum
420 571 692 639 info-rmls
726 598 839 664 ego
858 603 876 647 ·,
895 598 1075 666 nuper
1095 571 1135 637 si
1155 598 1249 636 me
1269 570 1419 636 mihi
1438 572 1681 640 reddens

22 703 24 717 ÷
119 670 304 734 Unda
323 717 340 742 ‚
369 666 551 734 fidelis
571 690 690 732 erat
710 696 723 730 ι
743 668 837 731 red
858 666 1048 732 adhuc
1091 663 1407 732 formolior
1434 664 1533 730 ille

119 765 191 827 Et
213 762 511 856 [uperabat
532 769 731 828 Avum
757 759 952 826 forma
970 810 987 834 ,
1008 758 1318 851 formaque
1340 765 1601 826 Parentes
1618 812 1633 825 .

19 861 22 877 ²
118 859 357 922 Vitibus
377 854 440 921 ut
475 860 676 922 decori
694 854 821 920 sunt
841 880 965 920 uvae
984 904 1000 928 ,
1018 852 1081 921 ut
1102 864 1408 947 pampinus
1431 863 1558 920 uvis
1578 885 1593 929 3

117 955 266 1015 Sunt
285 952 481 1016 decori
502 949 565 1015 ut
587 948 775 1015 fontes
794 947 985 1015 herbis
1015 999 1032 1024 ,
1066 947 1129 1014 ut
1165 946 1423 1013 fontibus
1444 947 1650 1031 herb<23

116 1047 216 1108 Tu
235 1045 404 1109 decus
423 1070 601 1109 omne
637 1050 758 1133 iugi
779 1090 795 1116 ‚
814 1066 876 1108 tu
893 1052 1078 1133 gratia
1110 1050 1241 1109 vitis
1263 1091 1276 1114 ‚
1299 1054 1357 1105 &
1377 1067 1499 1108 uvae

117 1136 364 1228 Daphni
387 1157 399 1203 ε
431 1163 534 1202 tuo
573 1146 671 1228 qui
695 1144 802 1200 n'os
819 1185 836 1210 ,
857 1163 957 1228 qui
980 1144 1257 1228 Ruraque
1276 1133 1476 1200 funere
1519 1138 1706 1228 perdis
1724 1151 1744 1198 .’

118 1236 339 1296 Parcite
361 1233 659 1295 Pastorum
679 1227 854 1294 falces
870 1280 882 1292 .
922 1231 1229 1297 Toleretur
1265 1236 1323 1293 in
1358 1228 1540 1296 horto

118 1325 385 1388 Carduus
405 1373 422 1397 ,
451 1336 509 1388 &
527 1332 713 1412 Spinis
736 1324 974 1388 horrens
997 1325 1246 1417 paliurus
1267 1319 1476 1388 acutis:

115 1422 175 1483 A
212 1423 398 1510 Vepre
420 1444 539 1482 non
557 1417 765 1480 florem
794 1419 1238 1510 distinguimuS,
1257 1440 1353 1481 aut
1375 1417 1743 1510 Cypmiffunr

114 1513 362 1576 Robore
386 1513 457 1576 ab
479 1508 722 1574 informi
747 1559 762 1583 ,
784 1539 901 1575 non
921 1513 1075 1578 nuda
1109 1511 1141 1575 a
1159 1537 1301 1603 rupe
1319 1518 1570 1576 viretum
1590 1560 1608 1584 ,

113 1608 261 1670 Non
288 1602 506 1668 aValle
527 1610 734 1695 iugum
758 1630 892 1696 :par
919 1614 1119 1671 omnia
1139 1612 1400 1697 contegit
1430 1605 1678 1682 horror}

112 1703 340 1761 Omnia
361 1701 578 1788 ubique
598 1723 735 1761 meo
755 1698 883 1763 sunt
904 1704 1064 1765 Rura
1082 1698 1296 1764 infe&a
1320 1699 1527 1765 dolore
1545 1748 1561 1763 .

111 1796 313 1855 Dicite
333 1792 628 1856 crudelem
649 1793 864 1865 Valla,
886 1798 1047 1884 Iuga,
1076 1796 1254 1858 dicite
1276 1799 1538 1884 Regem:

111 1885 375 1975 Plangite
397 1883 726 1950 formosum
753 1884 968 1960 ValleS,
984 1893 1143 1979 Iuga,
1165 1885 1420 1978 plangite
1441 1887 1746 1981 Daphnim
1765 1899 1784 1954 .”

205 1977 446 2068 Daphni
472 1997 485 2042 ε
508 1975 648 2069 ergo
672 1977 912 2069 posthac
931 2008 1047 2043 non
1065 1985 1153 2043 Te
1173 2005 1301 2042 mea
1319 1980 1539 2046 lumina
1559 2005 1791 2052 cernent
1805 2000 1829 2066 ⁷?-

108 2076 241 2139 Nec
264 2097 362 2136 tua
380 2098 473 2136 me
495 2089 513 2136 ?
531 2077 764 2138 cuinam
782 2076 1011 2162 Tuguri
1035 2120 1051 2145 ‚
1070 2077 1162 2137 cui
1182 2079 1447 2164 pauperis
1466 2080 1649 2142 Horti
1667 2125 1690 2155 ,

110 2171 228 2230 Cui
251 2166 424 2230 nostri
448 2171 675 2231 Pecoris
697 2167 850 2257 [nec
868 2174 1025 2231 enim
1059 2162 1187 2231 sunt
1206 2173 1407 2232 omnia
1426 2169 1657 2261 Regrs]

114 2265 276 2324 Cura
299 2257 364 2323 s1t
387 2276 404 2323 ἒ
422 2284 520 2325 aut
542 2269 636 2326 cui
659 2286 818 2350 parta
837 2259 939 2327 diu
958 2282 1049 2327 tot
1069 2257 1231 2354 plura
1260 2259 1630 2355 relinquam?

107 2358 227 2418 Cui
246 2360 480 2441 juvenes
498 2363 738 2420 veniunt
756 2353 897 2421 oleae
915 2385 931 2431 3
951 2363 1043 2421 cui
1064 2354 1274 2421 tradita
1300 2354 1462 2422 sulco

107 2445 367 2512 Plurima
394 2473 660 2541 propago
679 2499 698 2527 ,
715 2450 794 2514 est
814 2475 987 2516 uvam
1007 2449 1228 2516 factura
1245 2455 1469 2544 Nepoti
1490 2468 1510 2515 ?

105 2545 235 2608 Aut
254 2549 346 2605 cui
367 2539 526 2631 spem
546 2540 660 2609 feci
681 2593 698 2619 ,
717 2570 853 2609 curn
882 2542 1110 2636 vespere
1131 2541 1376 2610 sedimus
1412 2546 1590 2611 ambo
1607 2592 1628 2622 2

107 2640 553 2700 Connumerare
574 2663 774 2730 greges
794 2687 808 2709 ,
831 2651 888 2705 &
909 2640 1097 2705 dicere
1117 2638 1272 2704 lucra
1293 2639 1479 2732 peculi
1500 2655 1518 2702 ἒ

105 2733 322 2793 Bruma
344 2727 475 2793 licet
495 2739 796 2820 geminum
828 2741 929 2799 vix
949 2740 1112 2798 tertia
1131 2732 1423 2825 compleat
1442 2754 1657 2795 annum
1676 2759 1691 2805 3

109 2826 316 2909 Qam
332 2821 485 2891 mihi
502 2825 665 2916 spem
690 2827 926 2896 dederas
946 2875 967 2906 2
987 2853 1124 2897 cum
1137 2833 1258 2919 jam
1277 2827 1347 2896 cle
1364 2834 1605 2895 nomine
1632 2823 1807 2890 nosses

1581 2925 1771 3006 comt-4
