<?xml version="1.0" encoding="UTF-8"?>
<!DOCTYPE html PUBLIC "-//W3C//DTD XHTML 1.0 Transitional//EN"
    "http://www.w3.org/TR/xhtml1/DTD/xhtml1-transitional.dtd">
<html xmlns="http://www.w3.org/1999/xhtml" xml:lang="en" lang="en">
 <head>
  <title>
</title>
<meta http-equiv="Content-Type" content="text/html;charset=utf-8" />
  <meta name='ocr-system' content='tesseract 3.04.00' />
  <meta name='ocr-capabilities' content='ocr_page ocr_carea ocr_par ocr_line ocrx_word'/>
</head>
<body>
  <div class='ocr_page' id='page_1' title='image "./regiaevillaepoet00audi_0047.png"; bbox 0 0 2341 3261; ppageno 0'>
   <div class='ocr_carea' id='block_1_1' title="bbox 0 194 2045 2845">
    <p class='ocr_par' dir='ltr' id='par_1_1' title="bbox 1623 194 1680 228">
     <span class='ocr_line' id='line_1_1' title="bbox 1623 194 1680 228; baseline -0.018 0"><span class='ocrx_word' id='word_1_1' title='bbox 1623 194 1680 228; x_wconf 69' lang='lat'>21</span> 
     </span>
    </p>

    <p class='ocr_par' dir='ltr' id='par_1_2' title="bbox 0 251 2045 2845">
     <span class='ocr_line' id='line_1_2' title="bbox 89 251 1547 352; baseline -0.005 -22"><span class='ocrx_word' id='word_1_2' title='bbox 89 264 221 330; x_wconf 87' lang='lat' dir='ltr'>Post</span> <span class='ocrx_word' id='word_1_3' title='bbox 262 260 429 328; x_wconf 85' lang='lat' dir='ltr'>exosa</span> <span class='ocrx_word' id='word_1_4' title='bbox 449 261 627 335; x_wconf 82' lang='lat' dir='ltr'>diem,</span> <span class='ocrx_word' id='word_1_5' title='bbox 647 258 845 351; x_wconf 72' lang='lat' dir='ltr'>sepelit</span> <span class='ocrx_word' id='word_1_6' title='bbox 866 251 920 325; x_wconf 81' lang='lat' dir='ltr'>se</span> <span class='ocrx_word' id='word_1_7' title='bbox 938 259 1215 352; x_wconf 81' lang='lat' dir='ltr'>lympha,</span> <span class='ocrx_word' id='word_1_8' title='bbox 1244 258 1547 350; x_wconf 66' lang='lat' dir='ltr'>profundat</span> 
     </span>
     <span class='ocr_line' id='line_1_3' title="bbox 0 351 1531 445; baseline -0.007 -20"><span class='ocrx_word' id='word_1_9' title='bbox 0 362 196 425; x_wconf 65' lang='lat' dir='ltr'>Noste</span> <span class='ocrx_word' id='word_1_10' title='bbox 213 361 316 420; x_wconf 85' lang='lat' dir='ltr'>viae</span> <span class='ocrx_word' id='word_1_11' title='bbox 335 383 346 417; x_wconf 90' lang='lat'><strong>:</strong></span> <span class='ocrx_word' id='word_1_12' title='bbox 366 379 632 445; x_wconf 83' lang='lat' dir='ltr'>caecoqne</span> <span class='ocrx_word' id='word_1_13' title='bbox 662 375 821 444; x_wconf 81' lang='lat' dir='ltr'>putas</span> <span class='ocrx_word' id='word_1_14' title='bbox 849 354 993 418; x_wconf 85' lang='lat' dir='ltr'>dum</span> <span class='ocrx_word' id='word_1_15' title='bbox 1018 359 1245 444; x_wconf 79' lang='lat' dir='ltr'>gurgite</span> <span class='ocrx_word' id='word_1_16' title='bbox 1266 351 1531 421; x_wconf 52' lang='lat' dir='ltr'>merium,</span> 
     </span>
     <span class='ocr_line' id='line_1_4' title="bbox 0 442 1718 539; baseline -0.004 -25"><span class='ocrx_word' id='word_1_17' title='bbox 0 449 302 539; x_wconf 80' lang='lat' dir='ltr'><strong>Egreditur</strong></span> <span class='ocrx_word' id='word_1_18' title='bbox 325 445 600 537; x_wconf 80' lang='lat' dir='ltr'>petulanS,</span> <span class='ocrx_word' id='word_1_19' title='bbox 629 445 881 510; x_wconf 86' lang='lat' dir='ltr'>mediam</span> <span class='ocrx_word' id='word_1_20' title='bbox 903 445 1338 534; x_wconf 79' lang='lat' dir='ltr'>ingrediturque</span> <span class='ocrx_word' id='word_1_21' title='bbox 1368 468 1462 534; x_wconf 78' lang='lat' dir='ltr'>per</span> <span class='ocrx_word' id='word_1_22' title='bbox 1486 442 1718 509; x_wconf 69' lang='lat' dir='ltr'>AEdeni.</span> 
     </span>
     <span class='ocr_line' id='line_1_5' title="bbox 0 536 1401 630; baseline -0.004 -26"><span class='ocrx_word' id='word_1_23' title='bbox 0 539 128 630; x_wconf 86' lang='lat' dir='ltr'>Ipso</span> <span class='ocrx_word' id='word_1_24' title='bbox 148 546 206 602; x_wconf 88' lang='lat' dir='ltr'>in</span> <span class='ocrx_word' id='word_1_25' title='bbox 223 540 399 603; x_wconf 88' lang='lat' dir='ltr'>corde</span> <span class='ocrx_word' id='word_1_26' title='bbox 417 538 625 602; x_wconf 88' lang='lat' dir='ltr'>domus</span> <span class='ocrx_word' id='word_1_27' title='bbox 644 544 787 601; x_wconf 79' lang='lat' dir='ltr'>Fons</span> <span class='ocrx_word' id='word_1_28' title='bbox 807 539 994 601; x_wconf 82' lang='lat' dir='ltr'>aestuat</span> <span class='ocrx_word' id='word_1_29' title='bbox 1016 586 1028 598; x_wconf 93' lang='lat'><strong>.</strong></span> <span class='ocrx_word' id='word_1_30' title='bbox 1051 536 1150 600; x_wconf 85' lang='lat' dir='ltr'>Ille</span> <span class='ocrx_word' id='word_1_31' title='bbox 1174 558 1401 599; x_wconf 85' lang='lat' dir='ltr'>retentae</span> 
     </span>
     <span class='ocr_line' id='line_1_6' title="bbox 0 626 1590 720; baseline -0.005 -24"><span class='ocrx_word' id='word_1_32' title='bbox 0 640 141 696; x_wconf 84' lang='lat' dir='ltr'>Fons</span> <span class='ocrx_word' id='word_1_33' title='bbox 158 636 304 720; x_wconf 84' lang='lat' dir='ltr'>gerit</span> <span class='ocrx_word' id='word_1_34' title='bbox 329 633 629 695; x_wconf 76' lang='lat' dir='ltr'>arbitrium</span> <span class='ocrx_word' id='word_1_35' title='bbox 650 628 855 720; x_wconf 80' lang='lat' dir='ltr'>pluviae</span> <span class='ocrx_word' id='word_1_36' title='bbox 873 678 884 690; x_wconf 90' lang='lat'><strong>.</strong></span> <span class='ocrx_word' id='word_1_37' title='bbox 903 629 1161 693; x_wconf 85' lang='lat' dir='ltr'>Tumida</span> <span class='ocrx_word' id='word_1_38' title='bbox 1180 653 1281 692; x_wconf 89' lang='lat' dir='ltr'>ora</span> <span class='ocrx_word' id='word_1_39' title='bbox 1313 626 1590 698; x_wconf 73' lang='lat' dir='ltr'>relaxan8‚</span> 
     </span>
     <span class='ocr_line' id='line_1_7' title="bbox 0 718 1456 813; baseline -0.004 -24"><span class='ocrx_word' id='word_1_40' title='bbox 0 722 316 789; x_wconf 81' lang='lat' dir='ltr'>Eiaculatus</span> <span class='ocrx_word' id='word_1_41' title='bbox 335 747 508 813; x_wconf 84' lang='lat' dir='ltr'>aquas</span> <span class='ocrx_word' id='word_1_42' title='bbox 537 771 552 794; x_wconf 65' lang='lat'>2</span> <span class='ocrx_word' id='word_1_43' title='bbox 571 721 718 787; x_wconf 88' lang='lat' dir='ltr'>ultra</span> <span class='ocrx_word' id='word_1_44' title='bbox 735 722 910 786; x_wconf 85' lang='lat' dir='ltr'>ardua</span> <span class='ocrx_word' id='word_1_45' title='bbox 930 726 1114 784; x_wconf 58' lang='lat' dir='ltr'>Tecta</span> <span class='ocrx_word' id='word_1_46' title='bbox 1133 718 1416 784; x_wconf 85' lang='lat' dir='ltr'>sonorum</span> <span class='ocrx_word' id='word_1_47' title='bbox 1437 768 1456 794; x_wconf 84' lang='lat'>‚</span> 
     </span>
     <span class='ocr_line' id='line_1_8' title="bbox 3 810 1382 903; baseline -0.004 -24"><span class='ocrx_word' id='word_1_48' title='bbox 3 823 193 879; x_wconf 79' lang='lat' dir='ltr'>Invito</span> <span class='ocrx_word' id='word_1_49' title='bbox 207 821 235 892; x_wconf 90' lang='lat' dir='ltr'>J</span> <span class='ocrx_word' id='word_1_50' title='bbox 241 840 351 879; x_wconf 89' lang='lat' dir='ltr'>ove</span> <span class='ocrx_word' id='word_1_51' title='bbox 373 862 389 887; x_wconf 87' lang='grc'>,</span> <span class='ocrx_word' id='word_1_52' title='bbox 418 812 528 878; x_wconf 88' lang='lat' dir='ltr'>fert</span> <span class='ocrx_word' id='word_1_53' title='bbox 554 816 804 879; x_wconf 84' lang='lat' dir='ltr'>imbrem</span> <span class='ocrx_word' id='word_1_54' title='bbox 825 861 837 874; x_wconf 91' lang='lat'><strong>.</strong></span> <span class='ocrx_word' id='word_1_55' title='bbox 855 817 1004 878; x_wconf 90' lang='lat' dir='ltr'>Non</span> <span class='ocrx_word' id='word_1_56' title='bbox 1023 810 1248 903; x_wconf 80' lang='lat' dir='ltr'>spiritus</span> <span class='ocrx_word' id='word_1_57' title='bbox 1268 810 1382 875; x_wconf 87' lang='lat' dir='ltr'>ulli</span> 
     </span>
     <span class='ocr_line' id='line_1_9' title="bbox 4 903 1368 997; baseline -0.004 -25"><span class='ocrx_word' id='word_1_58' title='bbox 4 906 225 972; x_wconf 79' lang='lat' dir='ltr'>Celsior</span> <span class='ocrx_word' id='word_1_59' title='bbox 244 908 322 970; x_wconf 87' lang='lat' dir='ltr'>est</span> <span class='ocrx_word' id='word_1_60' title='bbox 349 907 498 986; x_wconf 74' lang='lat' dir='ltr'>unde</span> <span class='ocrx_word' id='word_1_61' title='bbox 521 904 808 997; x_wconf 86' lang='lat' dir='ltr'>:sequitur</span> <span class='ocrx_word' id='word_1_62' title='bbox 830 903 926 970; x_wconf 84' lang='lat' dir='ltr'>sed</span> <span class='ocrx_word' id='word_1_63' title='bbox 947 912 1096 996; x_wconf 83' lang='lat' dir='ltr'>iugis</span> <span class='ocrx_word' id='word_1_64' title='bbox 1131 924 1368 969; x_wconf 87' lang='lat' dir='ltr'>euntem</span> 
     </span>
     <span class='ocr_line' id='line_1_10' title="bbox 9 996 1404 1090; baseline -0.006 -26"><span class='ocrx_word' id='word_1_65' title='bbox 9 997 220 1089; x_wconf 83' lang='lat' dir='ltr'>Lapsus</span> <span class='ocrx_word' id='word_1_66' title='bbox 238 1046 256 1071; x_wconf 88' lang='grc'>,</span> <span class='ocrx_word' id='word_1_67' title='bbox 286 1012 343 1063; x_wconf 87' lang='lat'>&amp;</span> <span class='ocrx_word' id='word_1_68' title='bbox 371 1025 438 1062; x_wconf 86' lang='lat' dir='ltr'>ex</span> <span class='ocrx_word' id='word_1_69' title='bbox 465 996 583 1090; x_wconf 75' lang='lat' dir='ltr'>ipfit</span> <span class='ocrx_word' id='word_1_70' title='bbox 608 997 784 1062; x_wconf 87' lang='lat' dir='ltr'>trahit</span> <span class='ocrx_word' id='word_1_71' title='bbox 803 1000 1125 1062; x_wconf 81' lang='lat' dir='ltr'>ambitione</span> <span class='ocrx_word' id='word_1_72' title='bbox 1145 1002 1369 1062; x_wconf 86' lang='lat' dir='ltr'>ruinam</span> <span class='ocrx_word' id='word_1_73' title='bbox 1390 1042 1404 1056; x_wconf 91' lang='lat'><strong>.</strong></span> 
     </span>
     <span class='ocr_line' id='line_1_11' title="bbox 7 1089 2042 1186; baseline -0.003 -31"><span class='ocrx_word' id='word_1_74' title='bbox 7 1098 169 1171; x_wconf 83' lang='lat' dir='ltr'>Qas</span> <span class='ocrx_word' id='word_1_75' title='bbox 189 1117 309 1155; x_wconf 90' lang='lat' dir='ltr'>non</span> <span class='ocrx_word' id='word_1_76' title='bbox 325 1089 548 1155; x_wconf 81' lang='lat' dir='ltr'>infidias</span> <span class='ocrx_word' id='word_1_77' title='bbox 567 1138 583 1163; x_wconf 83' lang='lat'>‚</span> <span class='ocrx_word' id='word_1_78' title='bbox 603 1089 777 1154; x_wconf 89' lang='lat' dir='ltr'>fontis</span> <span class='ocrx_word' id='word_1_79' title='bbox 814 1115 915 1182; x_wconf 87' lang='lat' dir='ltr'>per</span> <span class='ocrx_word' id='word_1_80' title='bbox 956 1094 1141 1154; x_wconf 65' lang='lat' dir='ltr'>Testa</span> <span class='ocrx_word' id='word_1_81' title='bbox 1175 1089 1456 1179; x_wconf 83' lang='lat' dir='ltr'>Magister</span> <span class='ocrx_word' id='word_1_82' title='bbox 1778 1132 1907 1186; x_wconf 53' lang='grc' dir='ltr'>ΝΜ</span> <span class='ocrx_word' id='word_1_83' title='bbox 1927 1134 2042 1180; x_wconf 74' lang='lat' dir='ltr'>intra</span> 
     </span>
     <span class='ocr_line' id='line_1_12' title="bbox 5 1151 2045 1274; baseline -0.003 -26"><span class='ocrx_word' id='word_1_84' title='bbox 5 1184 293 1273; x_wconf 79' lang='lat' dir='ltr'>Undique</span> <span class='ocrx_word' id='word_1_85' title='bbox 313 1180 592 1269; x_wconf 83' lang='lat' dir='ltr'>disposuit</span> <span class='ocrx_word' id='word_1_86' title='bbox 614 1197 628 1244; x_wconf 74' lang='grc' dir='ltr'><em>Ι</em></span> <span class='ocrx_word' id='word_1_87' title='bbox 648 1180 899 1247; x_wconf 83' lang='lat' dir='ltr'>Rimoso</span> <span class='ocrx_word' id='word_1_88' title='bbox 920 1187 979 1247; x_wconf 86' lang='lat' dir='ltr'>in</span> <span class='ocrx_word' id='word_1_89' title='bbox 1007 1188 1219 1274; x_wconf 86' lang='lat' dir='ltr'>pariete</span> <span class='ocrx_word' id='word_1_90' title='bbox 1238 1178 1443 1245; x_wconf 86' lang='lat' dir='ltr'>furtim</span> <span class='ocrx_word' id='word_1_91' title='bbox 1776 1151 1892 1246; x_wconf 37' lang='grc' dir='ltr'>(εξ-’ἐω-</span> <span class='ocrx_word' id='word_1_92' title='bbox 1908 1218 2045 1269; x_wconf 50' lang='lat' dir='ltr'>ayma-</span> 
     </span>
     <span class='ocr_line' id='line_1_13' title="bbox 4 1266 2002 1366; baseline -0.005 -24"><span class='ocrx_word' id='word_1_93' title='bbox 4 1281 155 1342; x_wconf 85' lang='lat' dir='ltr'>Rive</span> <span class='ocrx_word' id='word_1_94' title='bbox 181 1274 315 1338; x_wconf 82' lang='lat' dir='ltr'>lates</span> <span class='ocrx_word' id='word_1_95' title='bbox 334 1322 349 1347; x_wconf 82' lang='lat'>,</span> <span class='ocrx_word' id='word_1_96' title='bbox 369 1282 646 1339; x_wconf 81' lang='lat' dir='ltr'>taciturne</span> <span class='ocrx_word' id='word_1_97' title='bbox 663 1274 832 1340; x_wconf 87' lang='lat' dir='ltr'>lates:</span> <span class='ocrx_word' id='word_1_98' title='bbox 862 1301 1002 1340; x_wconf 86' lang='lat' dir='ltr'>mox</span> <span class='ocrx_word' id='word_1_99' title='bbox 1021 1298 1286 1366; x_wconf 89' lang='lat' dir='ltr'>tempora</span> <span class='ocrx_word' id='word_1_100' title='bbox 1320 1278 1540 1343; x_wconf 59' lang='lat' dir='ltr'>nactus,</span> <span class='ocrx_word' id='word_1_101' title='bbox 1773 1266 2002 1327; x_wconf 65' lang='lat' dir='ltr'>’&#39;³¹¹”l‘4l·¹·‘⁵&#39;·</span> 
     </span>
     <span class='ocr_line' id='line_1_14' title="bbox 7 1365 1551 1460; baseline -0.003 -28"><span class='ocrx_word' id='word_1_102' title='bbox 7 1374 270 1432; x_wconf 84' lang='lat' dir='ltr'>Protinus</span> <span class='ocrx_word' id='word_1_103' title='bbox 291 1367 605 1432; x_wconf 82' lang='lat' dir='ltr'>undantem</span> <span class='ocrx_word' id='word_1_104' title='bbox 625 1369 751 1460; x_wconf 86' lang='lat' dir='ltr'>post</span> <span class='ocrx_word' id='word_1_105' title='bbox 769 1390 948 1458; x_wconf 76' lang='lat' dir='ltr'>terga&gt;</span> <span class='ocrx_word' id='word_1_106' title='bbox 967 1373 1142 1458; x_wconf 85' lang='lat' dir='ltr'>inque</span> <span class='ocrx_word' id='word_1_107' title='bbox 1161 1392 1263 1432; x_wconf 85' lang='lat' dir='ltr'>ora</span> <span class='ocrx_word' id='word_1_108' title='bbox 1281 1365 1551 1457; x_wconf 81' lang='lat' dir='ltr'>sagittam</span> 
     </span>
     <span class='ocr_line' id='line_1_15' title="bbox 8 1456 1493 1551; baseline -0.005 -25"><span class='ocrx_word' id='word_1_109' title='bbox 8 1465 166 1526; x_wconf 87' lang='lat' dir='ltr'>Rive</span> <span class='ocrx_word' id='word_1_110' title='bbox 199 1466 332 1524; x_wconf 82' lang='lat' dir='ltr'>iacis</span> <span class='ocrx_word' id='word_1_111' title='bbox 361 1490 375 1532; x_wconf 75' lang='lat'>3</span> <span class='ocrx_word' id='word_1_112' title='bbox 407 1464 608 1526; x_wconf 92' lang='lat' dir='ltr'>crebro</span> <span class='ocrx_word' id='word_1_113' title='bbox 628 1459 995 1551; x_wconf 87' lang='lat' dir='ltr'>sequerisque</span> <span class='ocrx_word' id='word_1_114' title='bbox 1021 1459 1277 1525; x_wconf 74' lang='lat' dir='ltr'>lacessere</span> <span class='ocrx_word' id='word_1_115' title='bbox 1314 1456 1493 1549; x_wconf 87' lang='lat' dir='ltr'>pulsu.</span> 
     </span>
     <span class='ocr_line' id='line_1_16' title="bbox 7 1549 1607 1642; baseline -0.006 -23"><span class='ocrx_word' id='word_1_116' title='bbox 7 1549 216 1619; x_wconf 87' lang='lat' dir='ltr'>Nescia</span> <span class='ocrx_word' id='word_1_117' title='bbox 235 1550 563 1642; x_wconf 72' lang='lat' dir='ltr'>simplicitas</span> <span class='ocrx_word' id='word_1_118' title='bbox 592 1601 607 1625; x_wconf 81' lang='grc'>,</span> <span class='ocrx_word' id='word_1_119' title='bbox 629 1558 875 1618; x_wconf 82' lang='lat' dir='ltr'>imbrem</span> <span class='ocrx_word' id='word_1_120' title='bbox 897 1554 1042 1618; x_wconf 89' lang='lat' dir='ltr'>dum</span> <span class='ocrx_word' id='word_1_121' title='bbox 1068 1559 1212 1619; x_wconf 82' lang='lat' dir='ltr'>vitat</span> <span class='ocrx_word' id='word_1_122' title='bbox 1235 1600 1253 1624; x_wconf 85' lang='lat'>‚</span> <span class='ocrx_word' id='word_1_123' title='bbox 1279 1558 1339 1614; x_wconf 92' lang='lat' dir='ltr'>in</span> <span class='ocrx_word' id='word_1_124' title='bbox 1357 1554 1607 1615; x_wconf 84' lang='lat' dir='ltr'>imbrem</span> 
     </span>
     <span class='ocr_line' id='line_1_17' title="bbox 11 1643 1331 1736; baseline 0 -27"><span class='ocrx_word' id='word_1_125' title='bbox 11 1645 217 1709; x_wconf 75' lang='lat' dir='ltr'>Incidit</span> <span class='ocrx_word' id='word_1_126' title='bbox 233 1692 245 1705; x_wconf 90' lang='lat'><strong>.</strong></span> <span class='ocrx_word' id='word_1_127' title='bbox 266 1651 497 1710; x_wconf 81' lang='lat' dir='ltr'>Exerrat</span> <span class='ocrx_word' id='word_1_128' title='bbox 514 1651 709 1734; x_wconf 51' lang='lat' dir='ltr'>Teetis</span> <span class='ocrx_word' id='word_1_129' title='bbox 731 1693 747 1718; x_wconf 81' lang='grc'>,</span> <span class='ocrx_word' id='word_1_130' title='bbox 767 1651 1075 1736; x_wconf 84' lang='lat' dir='ltr'>vitreoque</span> <span class='ocrx_word' id='word_1_131' title='bbox 1094 1643 1331 1735; x_wconf 81' lang='lat' dir='ltr'>flagello</span> 
     </span>
     <span class='ocr_line' id='line_1_18' title="bbox 11 1733 1558 1828; baseline -0.003 -26"><span class='ocrx_word' id='word_1_132' title='bbox 11 1735 292 1827; x_wconf 76' lang='lat' dir='ltr'>Vapulat3</span> <span class='ocrx_word' id='word_1_133' title='bbox 316 1750 373 1801; x_wconf 66' lang='grc' dir='ltr'>ὃς</span> <span class='ocrx_word' id='word_1_134' title='bbox 393 1739 573 1810; x_wconf 84' lang='lat' dir='ltr'>ridet,</span> <span class='ocrx_word' id='word_1_135' title='bbox 594 1736 688 1802; x_wconf 86' lang='lat' dir='ltr'>sed</span> <span class='ocrx_word' id='word_1_136' title='bbox 714 1737 946 1828; x_wconf 79' lang='lat' dir='ltr'>vapulat</span> <span class='ocrx_word' id='word_1_137' title='bbox 967 1786 980 1799; x_wconf 90' lang='lat'><strong>.</strong></span> <span class='ocrx_word' id='word_1_138' title='bbox 1005 1738 1290 1828; x_wconf 87' lang='lat' dir='ltr'>Undique</span> <span class='ocrx_word' id='word_1_139' title='bbox 1312 1733 1558 1825; x_wconf 85' lang='lat' dir='ltr'>lympha</span> 
     </span>
     <span class='ocr_line' id='line_1_19' title="bbox 11 1826 1439 1921; baseline -0.003 -27"><span class='ocrx_word' id='word_1_140' title='bbox 11 1832 275 1894; x_wconf 80' lang='lat' dir='ltr'>Arcubus</span> <span class='ocrx_word' id='word_1_141' title='bbox 296 1835 525 1919; x_wconf 81' lang='lat' dir='ltr'>intentis</span> <span class='ocrx_word' id='word_1_142' title='bbox 554 1878 569 1902; x_wconf 83' lang='lat'>‚</span> <span class='ocrx_word' id='word_1_143' title='bbox 594 1829 830 1920; x_wconf 85' lang='lat' dir='ltr'>liquidis</span> <span class='ocrx_word' id='word_1_144' title='bbox 860 1827 1288 1921; x_wconf 73' lang='lat' dir='ltr'>promptissima</span> <span class='ocrx_word' id='word_1_145' title='bbox 1314 1826 1439 1892; x_wconf 87' lang='lat' dir='ltr'>telis</span> 
     </span>
     <span class='ocr_line' id='line_1_20' title="bbox 13 1921 1414 2012; baseline 0.001 -27"><span class='ocrx_word' id='word_1_146' title='bbox 13 1923 297 1985; x_wconf 72' lang='lat' dir='ltr'>Excubat:</span> <span class='ocrx_word' id='word_1_147' title='bbox 320 1928 570 1986; x_wconf 79' lang='lat' dir='ltr'>incautas</span> <span class='ocrx_word' id='word_1_148' title='bbox 609 1948 734 2012; x_wconf 82' lang='lat' dir='ltr'>quae</span> <span class='ocrx_word' id='word_1_149' title='bbox 754 1946 885 1987; x_wconf 87' lang='lat' dir='ltr'>nata</span> <span class='ocrx_word' id='word_1_150' title='bbox 911 1921 1080 1987; x_wconf 88' lang='lat' dir='ltr'>ferire</span> <span class='ocrx_word' id='word_1_151' title='bbox 1108 1921 1331 1986; x_wconf 84' lang='lat' dir='ltr'>Puellas</span> <span class='ocrx_word' id='word_1_152' title='bbox 1357 1969 1375 1993; x_wconf 83' lang='grc'>,</span> <span class='ocrx_word' id='word_1_153' title='bbox 1407 1937 1414 1943; x_wconf 84' lang='grc'><strong><em>’</em></strong></span> 
     </span>
     <span class='ocr_line' id='line_1_21' title="bbox 11 2008 1471 2106; baseline -0.001 -30"><span class='ocrx_word' id='word_1_154' title='bbox 11 2020 77 2077; x_wconf 89' lang='lat' dir='ltr'><strong>H</strong></span> <span class='ocrx_word' id='word_1_155' title='bbox 91 2040 135 2077; x_wconf 73' lang='lat' dir='ltr'>is</span> <span class='ocrx_word' id='word_1_156' title='bbox 171 2020 335 2078; x_wconf 88' lang='lat' dir='ltr'>omni</span> <span class='ocrx_word' id='word_1_157' title='bbox 367 2021 506 2077; x_wconf 55' lang='lat' dir='ltr'>Lare</span> <span class='ocrx_word' id='word_1_158' title='bbox 528 2040 560 2104; x_wconf 83' lang='lat' dir='ltr'>p</span> <span class='ocrx_word' id='word_1_159' title='bbox 593 2013 929 2106; x_wconf 76' lang='lat' dir='ltr'>ersequitur3</span> <span class='ocrx_word' id='word_1_160' title='bbox 960 2008 1471 2105; x_wconf 67' lang='lat' dir='ltr'>iaetisqtielacessit</span> 
     </span>
     <span class='ocr_line' id='line_1_22' title="bbox 16 2103 1570 2199; baseline -0.001 -31"><span class='ocrx_word' id='word_1_161' title='bbox 16 2107 370 2195; x_wconf 74' lang='lat' dir='ltr'>Frigoribus.</span> <span class='ocrx_word' id='word_1_162' title='bbox 391 2113 688 2172; x_wconf 85' lang='lat' dir='ltr'>Penetrent</span> <span class='ocrx_word' id='word_1_163' title='bbox 707 2107 932 2173; x_wconf 79' lang='lat' dir='ltr'>aulam?</span> <span class='ocrx_word' id='word_1_164' title='bbox 955 2106 1100 2199; x_wconf 83' lang='lat' dir='ltr'>pluit</span> <span class='ocrx_word' id='word_1_165' title='bbox 1118 2105 1245 2171; x_wconf 85' lang='lat' dir='ltr'>aula</span> <span class='ocrx_word' id='word_1_166' title='bbox 1264 2154 1276 2167; x_wconf 89' lang='lat'>.</span> <span class='ocrx_word' id='word_1_167' title='bbox 1299 2112 1399 2171; x_wconf 85' lang='lat' dir='ltr'>Per</span> <span class='ocrx_word' id='word_1_168' title='bbox 1430 2103 1570 2169; x_wconf 82' lang='lat' dir='ltr'>altas</span> 
     </span>
     <span class='ocr_line' id='line_1_23' title="bbox 15 2196 1330 2274; baseline -0.002 -13"><span class='ocrx_word' id='word_1_169' title='bbox 15 2199 270 2274; x_wconf 81' lang='lat' dir='ltr'>Evadant</span> <span class='ocrx_word' id='word_1_170' title='bbox 289 2196 489 2262; x_wconf 84' lang='lat' dir='ltr'>Scalas?</span> <span class='ocrx_word' id='word_1_171' title='bbox 514 2197 684 2263; x_wconf 87' lang='lat' dir='ltr'>Scalis</span> <span class='ocrx_word' id='word_1_172' title='bbox 705 2198 839 2264; x_wconf 76' lang='lat' dir='ltr'>ferit</span> <span class='ocrx_word' id='word_1_173' title='bbox 862 2205 1047 2266; x_wconf 88' lang='lat' dir='ltr'>imber</span> <span class='ocrx_word' id='word_1_174' title='bbox 1065 2202 1134 2265; x_wconf 86' lang='lat' dir='ltr'>ab</span> <span class='ocrx_word' id='word_1_175' title='bbox 1153 2198 1282 2263; x_wconf 84' lang='lat' dir='ltr'>altis</span> <span class='ocrx_word' id='word_1_176' title='bbox 1317 2246 1330 2259; x_wconf 89' lang='lat'><strong>.</strong></span> 
     </span>
     <span class='ocr_line' id='line_1_24' title="bbox 18 2291 1541 2382; baseline -0.001 -29"><span class='ocrx_word' id='word_1_177' title='bbox 18 2295 242 2354; x_wconf 88' lang='lat' dir='ltr'>Limine</span> <span class='ocrx_word' id='word_1_178' title='bbox 276 2294 430 2355; x_wconf 86' lang='lat' dir='ltr'>abire</span> <span class='ocrx_word' id='word_1_179' title='bbox 463 2310 696 2382; x_wconf 77' lang='lat' dir='ltr'>parent?</span> <span class='ocrx_word' id='word_1_180' title='bbox 719 2299 905 2357; x_wconf 87' lang='lat' dir='ltr'>Tenet</span> <span class='ocrx_word' id='word_1_181' title='bbox 934 2292 1109 2357; x_wconf 83' lang='lat' dir='ltr'>hostis</span> <span class='ocrx_word' id='word_1_182' title='bbox 1130 2291 1334 2356; x_wconf 84' lang='lat' dir='ltr'>limina</span> <span class='ocrx_word' id='word_1_183' title='bbox 1354 2296 1504 2353; x_wconf 81' lang='lat' dir='ltr'>rivus</span> <span class='ocrx_word' id='word_1_184' title='bbox 1527 2336 1541 2350; x_wconf 88' lang='lat'><strong>.</strong></span> 
     </span>
     <span class='ocr_line' id='line_1_25' title="bbox 18 2382 1469 2450; baseline 0 -5"><span class='ocrx_word' id='word_1_185' title='bbox 18 2386 206 2446; x_wconf 51' lang='lat' dir='ltr'>Tecto</span> <span class='ocrx_word' id='word_1_186' title='bbox 227 2386 428 2448; x_wconf 83' lang='lat' dir='ltr'>abeant</span> <span class='ocrx_word' id='word_1_187' title='bbox 456 2400 471 2445; x_wconf 87' lang='lat'><strong>?</strong></span> <span class='ocrx_word' id='word_1_188' title='bbox 504 2387 686 2448; x_wconf 89' lang='lat' dir='ltr'>Subiti</span> <span class='ocrx_word' id='word_1_189' title='bbox 706 2393 925 2450; x_wconf 86' lang='lat' dir='ltr'>iaciunt</span> <span class='ocrx_word' id='word_1_190' title='bbox 945 2411 1012 2450; x_wconf 82' lang='lat' dir='ltr'>ex</span> <span class='ocrx_word' id='word_1_191' title='bbox 1038 2387 1191 2450; x_wconf 83' lang='lat' dir='ltr'>AEde</span> <span class='ocrx_word' id='word_1_192' title='bbox 1217 2382 1469 2447; x_wconf 77' lang='lat' dir='ltr'>fenestrae</span> 
     </span>
     <span class='ocr_line' id='line_1_26' title="bbox 21 2474 1393 2558; baseline 0 -21"><span class='ocrx_word' id='word_1_193' title='bbox 21 2475 278 2539; x_wconf 83' lang='lat' dir='ltr'>Pondera</span> <span class='ocrx_word' id='word_1_194' title='bbox 297 2474 495 2558; x_wconf 84' lang='lat' dir='ltr'>diluvij</span> <span class='ocrx_word' id='word_1_195' title='bbox 519 2524 532 2535; x_wconf 88' lang='lat'><strong>.</strong></span> <span class='ocrx_word' id='word_1_196' title='bbox 563 2476 791 2542; x_wconf 74' lang='lat' dir='ltr'>Transit</span> <span class='ocrx_word' id='word_1_197' title='bbox 811 2503 950 2541; x_wconf 86' lang='lat' dir='ltr'>mox</span> <span class='ocrx_word' id='word_1_198' title='bbox 980 2476 1115 2540; x_wconf 83' lang='lat' dir='ltr'>risus</span> <span class='ocrx_word' id='word_1_199' title='bbox 1135 2483 1393 2541; x_wconf 78' lang='lat' dir='ltr'>initam:</span> 
     </span>
     <span class='ocr_line' id='line_1_27' title="bbox 22 2567 1657 2660; baseline 0.001 -33"><span class='ocrx_word' id='word_1_200' title='bbox 22 2571 175 2629; x_wconf 86' lang='lat' dir='ltr'>Iram</span> <span class='ocrx_word' id='word_1_201' title='bbox 193 2591 361 2656; x_wconf 79' lang='lat' dir='ltr'>auget</span> <span class='ocrx_word' id='word_1_202' title='bbox 381 2573 541 2631; x_wconf 81' lang='lat' dir='ltr'>iocus</span> <span class='ocrx_word' id='word_1_203' title='bbox 569 2616 586 2641; x_wconf 85' lang='grc'>,</span> <span class='ocrx_word' id='word_1_204' title='bbox 613 2574 695 2634; x_wconf 89' lang='lat' dir='ltr'>ira</span> <span class='ocrx_word' id='word_1_205' title='bbox 713 2575 1103 2634; x_wconf 86' lang='lat' dir='ltr'>iocum.Num</span> <span class='ocrx_word' id='word_1_206' title='bbox 1133 2567 1435 2660; x_wconf 82' lang='lat' dir='ltr'>persequar</span> <span class='ocrx_word' id='word_1_207' title='bbox 1455 2591 1657 2632; x_wconf 86' lang='lat' dir='ltr'>omnes</span> 
     </span>
     <span class='ocr_line' id='line_1_28' title="bbox 22 2657 1315 2728; baseline 0.002 -6"><span class='ocrx_word' id='word_1_208' title='bbox 22 2657 324 2722; x_wconf 82' lang='lat' dir='ltr'>Naiadum</span> <span class='ocrx_word' id='word_1_209' title='bbox 342 2657 508 2724; x_wconf 85' lang='lat' dir='ltr'>ludos</span> <span class='ocrx_word' id='word_1_210' title='bbox 534 2676 550 2722; x_wconf 83' lang='lat'>?</span> <span class='ocrx_word' id='word_1_211' title='bbox 569 2665 695 2728; x_wconf 88' lang='lat' dir='ltr'>Ubi</span> <span class='ocrx_word' id='word_1_212' title='bbox 715 2661 1058 2727; x_wconf 81' lang='lat' dir='ltr'>luxuriantia</span> <span class='ocrx_word' id='word_1_213' title='bbox 1076 2682 1315 2726; x_wconf 84' lang='lat' dir='ltr'>vernant</span> 
     </span>
     <span class='ocr_line' id='line_1_29' title="bbox 25 2747 1660 2845; baseline 0.001 -33"><span class='ocrx_word' id='word_1_214' title='bbox 25 2755 136 2813; x_wconf 90' lang='lat' dir='ltr'>Pro</span> <span class='ocrx_word' id='word_1_215' title='bbox 179 2753 412 2815; x_wconf 77' lang='lat' dir='ltr'>Foribus</span> <span class='ocrx_word' id='word_1_216' title='bbox 436 2799 451 2824; x_wconf 87' lang='lat'>,</span> <span class='ocrx_word' id='word_1_217' title='bbox 473 2749 834 2845; x_wconf 82' lang='lat' dir='ltr'>longumque</span> <span class='ocrx_word' id='word_1_218' title='bbox 859 2760 1057 2819; x_wconf 85' lang='lat' dir='ltr'>ineunt</span> <span class='ocrx_word' id='word_1_219' title='bbox 1089 2747 1368 2844; x_wconf 84' lang='lat' dir='ltr'>Topiaria</span> <span class='ocrx_word' id='word_1_220' title='bbox 1394 2749 1619 2814; x_wconf 80' lang='lat' dir='ltr'>cursum</span> <span class='ocrx_word' id='word_1_221' title='bbox 1645 2777 1660 2823; x_wconf 69' lang='grc' dir='ltr'><strong>ς</strong></span> 
     </span>
    </p>
   </div>
   <div class='ocr_carea' id='block_1_2' title="bbox 29 2842 1567 2936">
    <p class='ocr_par' dir='ltr' id='par_1_3' title="bbox 29 2842 1567 2936">
     <span class='ocr_line' id='line_1_30' title="bbox 29 2842 1567 2936; baseline 0.001 -32"><span class='ocrx_word' id='word_1_222' title='bbox 29 2845 253 2906; x_wconf 86' lang='lat' dir='ltr'>Metam</span> <span class='ocrx_word' id='word_1_223' title='bbox 275 2866 576 2936; x_wconf 84' lang='lat' dir='ltr'>utramque</span> <span class='ocrx_word' id='word_1_224' title='bbox 600 2853 705 2914; x_wconf 82' lang='lat' dir='ltr'>viae</span> <span class='ocrx_word' id='word_1_225' title='bbox 731 2854 922 2936; x_wconf 83' lang='lat' dir='ltr'>Fontis</span> <span class='ocrx_word' id='word_1_226' title='bbox 947 2853 1102 2913; x_wconf 86' lang='lat' dir='ltr'>nitor</span> <span class='ocrx_word' id='word_1_227' title='bbox 1126 2842 1363 2933; x_wconf 49' lang='lat' dir='ltr'>emulus</span> <span class='ocrx_word' id='word_1_228' title='bbox 1384 2866 1567 2910; x_wconf 86' lang='lat' dir='ltr'>ornat.</span> 
     </span>
    </p>
   </div>
   <div class='ocr_carea' id='block_1_3' title="bbox 1610 2922 1713 2999">
    <p class='ocr_par' dir='ltr' id='par_1_4' title="bbox 1610 2922 1713 2999">
     <span class='ocr_line' id='line_1_31' title="bbox 1610 2922 1713 2999; baseline 0 0"><span class='ocrx_word' id='word_1_229' title='bbox 1610 2922 1713 2999; x_wconf 81' lang='lat' dir='ltr'>Ad</span> 
     </span>
    </p>
   </div>
  </div>
 </body>
</html>
