2341 3261
635 184 666 228 ⁶
679 191 713 242 4

540 258 858 324 Bellantem
874 305 891 332 ,
913 266 971 322 &
990 263 1203 348 primas
1223 253 1568 323 referentem
1585 262 1645 323 in
1661 255 1900 352 pulvere
1918 256 2136 350 palmas
2159 277 2170 324 ε

536 354 755 418 Crebra
773 350 1092 417 Raconiliae
1110 377 1298 443 neque
1315 356 1404 415 Te
1436 350 1730 443 praesentia
1750 350 1918 419 Villae

534 444 819 510 Distrahit
836 443 868 509 εἰ
885 443 1042 508 ferro
1061 492 1079 518 ,
1107 467 1204 509 aut
1228 450 1430 508 Martis
1448 444 1722 535 tepefecit
1746 469 2010 511 amorem
2026 491 2042 507 .

533 536 723 603 Viluit
749 544 940 602 omnis
960 561 1093 626 ager
1114 565 1127 599 :
1148 535 1303 601 nulla
1317 538 1400 600 est
1417 541 1555 602 Tibi
1570 559 1734 629 grata
1750 537 2024 604 locorum

534 636 767 702 Gratia;
796 656 903 694 nec
928 631 1099 695 nitidi
1119 627 1312 695 fontes
1332 679 1348 703 ‚
1366 655 1473 694 nec
1494 629 1715 696 florifer
1732 631 1935 696 hortus
1956 658 1972 703 5

530 720 665 787 Sola
685 746 896 789 vocant
913 748 1156 789 nemora
1177 753 1190 796 3
1211 736 1272 788 &
1306 721 1438 789 solis
1464 720 1594 790 loca
1610 732 1809 818 pervia
1833 724 2100 790 monstris
2119 769 2133 784 .

533 821 800 908 Qaeque
828 823 1084 882 immane
1102 842 1285 907 magis
1306 824 1556 882 venienti
1575 824 1854 884 obiecerit
1870 865 1886 891 ,
1907 814 2003 881 illa
2021 863 2037 889 ,

531 908 634 972 Illa
662 908 826 1000 super
854 910 1098 1001 reliquas
1118 909 1289 998 Sylva
1309 912 1387 973 est
1409 911 1802 1002 pulcherrirna
1821 910 2015 999 Sylvas
2036 955 2049 969 .

532 1008 738 1066 Fixeris
761 1001 1042 1093 insignem
1060 1002 1161 1067 nisi
1183 1005 1384 1068 adach.
1408 1001 1641 1095 cuspide
1665 1010 1959 1074 Cervum3

531 1100 655 1159 Aut
672 1100 759 1159 Te
778 1121 915 1160 cum
932 1103 1128 1186 magni
1150 1094 1245 1159 lux
1266 1094 1380 1159 sera
1400 1094 1653 1160 reuiserit
1675 1102 1819 1188 Apri

532 1193 762 1273 Exuvijs
781 1236 797 1261 ,
821 1187 982 1253 nullo
1005 1190 1274 1253 reducem
1302 1186 1630 1253 discrimine
1650 1238 1666 1262 ,
1686 1189 1961 1252 moestum

530 1278 747 1372 Vesper
764 1280 937 1346 habet
955 1330 967 1343 .
988 1279 1158 1345 Serva
1176 1280 1283 1345 hos
1301 1288 1525 1345 animos
1544 1329 1560 1355 ,
1589 1281 1709 1345 haec
1733 1287 1972 1373 pedrora
1989 1275 2095 1342 Iuli
2116 1306 2130 1350 3

527 1377 826 1465 Tempora
844 1400 961 1438 non
980 1374 1218 1440 deerunt
1238 1402 1248 1435 ε
1271 1374 1407 1437 cum
1424 1400 1703 1465 magnum
1733 1379 1921 1438 Marte
1959 1378 2293 1448 parentem,⁴

528 1470 945 1558 Maioremque
965 1474 1220 1531 imitatus
1241 1474 1440 1532 Avum
1459 1516 1474 1539 ,
1495 1466 1832 1558 famamque
1850 1514 1865 1539 ‚
1885 1466 2172 1556 dec-usque

194 1584 343 1633 Huius
356 1582 459 1643 stre.
531 1563 870 1624 Amborum
889 1608 905 1633 ,
925 1559 1200 1651 exempl-is
1228 1561 1424 1625 reddes
1443 1561 1753 1651 aequalibus
1773 1561 1924 1624 Orbi
1944 1605 1957 1620 .

192 1651 365 1763 nnisgmi
374 1651 424 1761 'lp
426 1664 448 1694 r
457 1688 468 1698 ·
530 1657 648 1716 Vix
667 1660 883 1716 etenim
907 1660 1098 1743 primo
1117 1661 1362 1745 pingens
1382 1651 1668 1744 lanuginis
1686 1677 1827 1718 auro

193 1718 482 1842 gzfillicfiss'
526 1751 649 1808 Ora
668 1792 685 1817 ,
704 1771 808 1810 nec
828 1746 1096 1836 ingressus
1116 1753 1304 1836 quarti
1326 1745 1576 1810 confinia
1595 1744 1752 1810 lustri
1772 1793 1790 1818 ,

191 1851 234 1895 in
251 1850 489 1896 Pannonico
524 1844 746 1902 Omnia
767 1844 970 1902 Martis
992 1837 1162 1904 habes
1184 1885 1199 1911 ,
1219 1863 1284 1903 ac
1304 1845 1578 1930 Principis
1598 1886 1610 1899 .
1647 1839 1751 1902 Ast
1769 1839 1865 1902 ubi
1884 1831 2033 1901 bella

192 1915 298 2029 {⁷5}ss
311 1928 480 2041 2332?
524 1937 806 1994 Somnio?
832 1932 920 1996 vel
942 1930 1117 1995 Florae
1142 1937 1201 1994 in
1221 1937 1432 2020 Regno
1452 1956 1553 1995 cur
1571 1955 1730 1995 arma
1763 1931 2073 1995 recordor?

195 2047 256 2095 bit
271 2041 478 2096 Aueiorg
530 2030 703 2087 Pieris
722 2022 950 2116 expleto
977 2021 1285 2087 circumfer
1305 2022 1525 2087 lumina
1542 2048 1692 2113 gyro
1713 2053 1726 2095 ·‚

263 2178 280 2225 i
388 2177 409 2222 'l
528 2123 748 2180 Caetera
775 2114 1075 2180 vanescent
1094 2114 1277 2180 oculo
1296 2164 1313 2189 ,
1334 2114 1373 2179 si
1391 2115 1507 2180 vila
1525 2163 1542 2188 ‚
1560 2116 1821 2180 videndis

192 2182 460 2307 {1253prss
518 2206 828 2273 Conferat.
850 2207 1104 2299 *Egressus
1122 2206 1371 2274 borealis
1407 2211 1478 2274 ab
1497 2233 1703 2297 aggere
1722 2215 1781 2271 X
1786 2208 1890 2297 ysti
1911 2256 1927 2282 2

193 2299 463 2385 Husfaet'c‘ris
526 2307 686 2365 Arua
706 2306 801 2368 ubi
823 2300 967 2367 liber
987 2299 1161 2366 habes
1180 2329 1194 2373 3
1216 2309 1364 2393 rapit
1383 2298 1697 2390 improvisa
1716 2299 1999 2393 Voluptas
2017 2349 2036 2375 ,

193 2376 391 2490 ZZZ-gf
525 2401 595 2458 Et
618 2397 811 2486 stupor
830 2443 847 2468 ,
868 2394 1196 2484 &quedam
1223 2394 1405 2458 divin-i
1421 2399 1597 2458 Ruris
1616 2399 1814 2483 imago
1835 2441 1848 2455 .

240 2471 252 2490 ¹
407 2481 417 2490 ’
620 2485 771 2550 Proh
790 2501 804 2548 .'
825 2511 1089 2577 quaenam
1123 2483 1289 2575 Elysij
1313 2484 1483 2551 facies
1506 2506 1516 2551 2
1541 2488 1747 2577 quibus
1766 2489 1920 2551 ebria
1939 2491 2096 2550 miris

525 2584 771 2643 Lumina
789 2578 1040 2661 delicus!
1064 2604 1189 2668 quae
1206 2576 1303 2642 lux
1327 2598 1338 2643 ε
1361 2576 1673 2671 quae'Sylva
1698 2599 1707 2642 2
1732 2585 1859 2670 quis
1878 2584 2101 2643 Hortus
2125 2598 2137 2644 2

523 2677 586 2734 O
606 2677 798 2763 Regio
817 2670 1207 2762 Hesperidum
1228 2689 1239 2736 ε
1259 2671 1680 2763 Nympharum
1698 2677 1879 2736 Patria
1900 2690 1912 2736 ε
1931 2672 2099 2737 Sedes

523 2768 680 2828 Vera
699 2764 1070 2856 voluptatum
1093 2783 1104 2829 ε
1131 2762 1412 2829 Auriferis
1433 2765 1723 2829 Viridaria
1743 2763 1950 2829 Plancis
1968 2811 1987 2838 ,

193 2858 365 2974 gfff
523 2854 765 2924 Alcinoi
790 2860 1074 2928 invidiam
1095 2880 1449 2953 poterant-ea
1481 2856 1602 2925 sola
1620 2863 1859 2926 mereri.

351 2962 366 2976 ⁰
2044 2954 2189 3014 Haec
