2341 3261
1731 180 1800 232 155

127 242 430 311 Infidiatur
445 256 587 333 agro
613 235 853 306 coluber
871 267 885 313 3
906 245 1065 306 cuius
1085 239 1270 306 malus
1297 239 1517 332 hydrus

122 342 218 406 Est
236 337 530 405 habitator
547 360 708 428 aquae
727 383 740 397 .
762 342 1009 401 Puerum
1037 333 1331 402 defendite
1353 334 1512 426 lapsu

125 435 388 498 Orabam
403 479 421 505 ,
449 456 693 523 puerum
719 436 920 521 Superi
939 429 1233 497 defendite
1253 430 1452 496 morsu
1472 451 1486 497 ε

32 522 34 526 ’
121 532 349 592 Unicus
369 527 448 590 est
468 544 481 590 1
504 531 634 591 Nec
656 548 815 589 erant
834 527 1002 591 nobis
1023 523 1185 620 super
1204 524 1380 591 altera
1397 548 1537 592 vota
1554 573 1568 588 .

30 626 32 629 ’
121 627 261 686 Heu
280 618 432 685 male
450 642 647 685 cautus
667 644 780 710 ego
803 638 815 683 ε
836 625 968 685 Nec
986 627 1144 686 enim
1162 629 1361 714 pejora
1377 621 1652 686 cavebam
1672 669 1686 683 .

118 711 359 781 Peffima
380 740 462 779 res
483 722 643 805 agri,
663 720 960 778 Dominus
981 761 996 776 .
1015 719 1163 780 Non
1181 715 1360 781 herba
1379 763 1396 789 ‚
1417 741 1520 780 nec
1538 719 1777 806 anguisj

23 861 26 864 >
118 810 214 876 Est
233 805 459 875 tantum
480 806 575 873 ille
594 833 808 874 nocens
827 856 840 870 .
861 813 947 874 En
965 817 1059 874 cui
1078 807 1444 876 consevimus
1464 824 1667 902 agros!

115 903 338 969 Pastito
358 929 510 970 nunc
532 903 824 993 Corydon
844 903 1060 968 vitulos
1080 952 1096 979 ,
1117 916 1176 970 &
1195 901 1388 970 suffice
1407 900 1613 969 mensis
1634 951 1649 967 .

210 1004 356 1064 Haec
375 1016 470 1064 me
491 998 694 1064 eadem
715 997 912 1063 videte
931 997 1126 1063 senem
1143 1046 1163 1072 ,
1187 999 1384 1064 videre
1404 997 1666 1091 puellum

115 1098 278 1160 Rura
299 1121 312 1156 ε
332 1119 436 1158 nec
454 1089 553 1156 illa
578 1117 785 1186 parum
807 1095 1074 1157 manibus
1092 1093 1362 1158 debentia
1379 1094 1586 1158 nostris
1602 1139 1619 1155 .

112 1192 171 1254 A
207 1214 389 1281 puero
409 1187 671 1280 duxique
694 1212 864 1278 pecus
889 1214 901 1249 :
923 1212 1029 1251 nec
1046 1183 1287 1252 callidus
1309 1213 1573 1280 unquam

113 1285 222 1347 Me
251 1283 478 1347 Pastore
496 1280 663 1373 lupus
683 1281 754 1346 de
773 1282 971 1346 nostro
990 1287 1142 1347 vixit
1160 1279 1307 1347 ovili
1327 1330 1341 1344 .

111 1377 295 1441 Haud
312 1372 481 1441 dolus
498 1423 517 1451 ‚
536 1373 692 1440 haud
710 1401 971 1466 unquam
990 1373 1215 1466 gladius
1235 1373 1558 1442 dulcisfima
1575 1373 1756 1442 nostri

112 1474 260 1536 Non
279 1467 427 1535 latro
446 1517 466 1545 ‚
497 1495 617 1533 non
635 1466 800 1534 miles
829 1473 1159 1536 turbaverat
1178 1478 1300 1536 otia
1327 1477 1470 1536 ruris
1494 1498 1507 1534 ε

111 1561 278 1629 Solos
300 1565 550 1657 pastores
571 1561 691 1629 haec
710 1586 871 1657 prata
890 1613 908 1639 ,
928 1563 1049 1629 haec
1078 1563 1320 1630 flumina
1342 1586 1553 1630 norant
1570 1612 1585 1627 .

107 1662 295 1724 Arma
321 1667 381 1723 in
399 1680 453 1722 te
472 1655 734 1751 primum
751 1657 994 1749 Daphni
1013 1657 1129 1724 huc
1156 1685 1381 1726 venere:
1400 1657 1574 1724 leaena
1590 1705 1611 1733 ,

110 1750 261 1818 Ursa
279 1800 295 1826 ,
314 1749 482 1842 lupus
502 1776 745 1816 nemora
762 1751 1036 1817 infestant
1056 1781 1070 1825 3
1092 1751 1410 1843 ignoscitur
1435 1751 1546 1818 illis
1568 1781 1582 1816 :

107 1851 173 1910 In
210 1845 515 1936 Daphnim
533 1842 757 1911 saevitur
778 1874 790 1908 ε
812 1858 872 1911 ὅ(
890 1845 1007 1912 hoc
1029 1872 1152 1938 quo
1170 1847 1364 1933 judice
1391 1858 1412 1911 ἐ
1433 1854 1598 1938 Rege
1617 1857 1632 1908 .'

105 1943 305 2006 Dicite
323 1936 619 2006 crudelem
639 1965 840 2005 nemus
860 1988 875 2014 ,
896 1965 1147 2034 arvaque
1167 1942 1342 2008 dicite
1369 1949 1596 2027 Regem
1617 1958 1631 1996 τ

105 2031 368 2125 Plangite
398 2031 754 2126 discerptum
773 2060 998 2107 nemus,
1018 2060 1272 2120 arvaque
1289 2034 1546 2123 plangite
1567 2020 1891 2117 Daphnim·

203 2134 231 2206 J
239 2125 332 2191 llic
354 2132 620 2221 precipiti
639 2124 758 2220 qua
777 2127 1060 2220 plurimus
1079 2128 1349 2189 imminet
1370 2122 1535 2188 undae

108 2225 294 2289 Lucus
316 2268 332 2292 ‚
350 2220 542 2292 eram3
572 2243 876 2312 pueroque
894 2220 1089 2283 sedens
1112 2239 1240 2282 tum
1258 2213 1412 2284 forte
1433 2215 1708 2309 parabam

106 2311 354 2383 Velleris
374 2309 539 2381 electi
570 2336 773 2379 contra
791 2310 987 2404 aspera
1005 2309 1229 2403 frigora
1253 2313 1474 2377 brumae

108 2407 476 2475 Candentem
501 2421 759 2476 tunicam
779 2438 793 2481 ·,
814 2407 1159 2475 candentem
1179 2402 1445 2500 Daphnis
1472 2402 1704 2469 amabat
1719 2415 1737 2488 ς’

104 2509 228 2570 Hei
244 2500 392 2568 mihi
417 2520 430 2571 Ξ,
449 2526 566 2569 vox
582 2500 771 2571 flentis
788 2549 807 2579 2
825 2526 943 2569 vox
961 2502 1040 2566 est
1065 2499 1260 2568 audita
1281 2507 1554 2568 minantis
1577 2520 1596 2585 ε,

104 2595 320 2664 Militis
346 2591 444 2662 illa
471 2603 743 2666 minantis
764 2618 883 2661 erat
902 2600 1083 2673 {Nati
1101 2592 1277 2663 altera
1303 2594 1526 2663 flentis.

104 2694 275 2760 Praeci
283 2696 411 2786 pito
428 2689 500 2758 de
519 2717 658 2785 rupe
677 2716 878 2780 repens
901 2720 914 2757 ι
933 2716 1101 2757 amor
1119 2690 1343 2759 addidit
1364 2688 1479 2757 alas
1495 2735 1518 2764 ,

104 2788 178 2853 Et
198 2790 413 2871 timor}
434 2780 695 2878 inspecto
714 2786 940 2855 nudum
957 2782 1126 2854 simul
1146 2793 1372 2852 eminus
1390 2781 1582 2851 ensem
1603 2785 1628 2858 ‚⁸

105 2878 284 2974 ἕως,
311 2877 458 2976 quid
473 2878 558 2949 oh
574 2877 841 2950 scelerate
864 2880 1041 2950 facis?
1066 2877 1191 2949 siste
1216 2885 1455 2975 increpo
1470 2925 1492 2961 ,
1517 2874 1644 3038 fistl}
1657 2881 1727 3035 3st
1877 2940 1884 2945 .

1648 2993 1679 3036 a
1729 2990 1799 3036 or
