2341 3261
543 166 646 218 ¹90
706 238 758 297 S.
811 233 1406 297 FRANCISCO
1455 231 1937 295 XAVERIO

593 332 840 419 Crucifixi
870 325 1086 416 effigiem
1121 327 1273 386 Mare
1298 320 1530 413 abripit,
1578 332 1764 387 Cancer
1791 329 2020 388 restituit
2040 368 2054 383 .

891 438 1521 501 EPIGRAMMA
1584 438 1763 498 XII.

452 588 794 734 XAvier
821 607 1085 677 ereptum
1113 609 1248 650 cum
1267 582 1426 648 fleret
1442 584 1514 649 ab
1535 588 1798 674 AEquore
1819 588 2061 648 Numen
2087 609 2103 655 3

663 685 904 744 Numen
923 726 940 752 ,
960 676 1289 743 thesaurum
1314 682 1560 769 petitoris
1581 725 1597 750 ‚
1637 678 1770 741 iude
1791 682 1971 741 Maris
1993 704 2008 749 3

447 769 703 838 Haeserat
736 768 1016 837 infensam
1059 770 1112 836 se
1128 778 1489 864 projesturus
1509 777 1566 834 in
1589 770 1804 835 undam
1830 799 1845 843 3

559 871 718 931 Cum
738 864 832 930 sua
865 891 964 958 per
985 866 1202 930 medias
1234 870 1373 929 Vita
1395 887 1611 928 nataret
1641 888 1820 954 aquas
1851 913 1865 926 .

451 963 604 1024 Mox
638 966 734 1025 ubi
770 982 930 1052 rapta
961 960 1120 1024 videt
1156 964 1497 1023 referentem
1535 964 1780 1048 pignora
1800 965 2133 1029 Cancrutn3

547 1060 671 1118 Cor
688 1051 840 1118 visus
858 1053 1020 1118 cordi
1041 1054 1277 1117 reddere
1303 1099 1321 1125 ,
1355 1059 1540 1141 Seque
1562 1057 1713 1125 Sum

448 1144 709 1210 Amisisse
729 1153 885 1231 juvat
905 1195 922 1220 ,
957 1147 1120 1237 quod
1141 1144 1215 1209 fic
1234 1152 1393 1209 Freta
1414 1144 1648 1209 redditis
1669 1192 1685 1217 ‚
1721 1149 1912 1234 inquit
1936 1172 1949 1207 :

544 1244 684 1304 Hoc
705 1238 850 1303 mihi
871 1240 1124 1330 prodigij
1148 1238 1372 1302 foenore
1393 1285 1409 1311 ,
1438 1243 1603 1301 Furta
1628 1234 1854 1327 placent
1873 1284 1886 1298 .

452 1330 578 1424 Ipsa
610 1330 862 1424 procella
889 1339 1084 1416 juvat:
1122 1330 1405 1395 laudanda
1425 1330 1663 1394 audacia
1689 1328 1930 1394 fluetuS.

547 1431 761 1490 Mitior
780 1423 939 1490 haud
961 1445 1186 1516 potetas
1208 1425 1360 1488 unda
1377 1471 1394 1497 ,
1421 1425 1667 1515 probare
1685 1429 1885 1487 Deum
1902 1471 1916 1486 .

735 1590 786 1647 S.
852 1588 1329 1660 THOMAS
1399 1586 1918 1661 AQVINAS

849 1704 1077 1785 Arrepto
1111 1705 1290 1758 titione
1322 1692 1585 1757 mulierem
1605 1692 1770 1783 fhgat
1791 1740 1803 1754 .

714 1792 1607 1852 EPIGRAMMA
1713 1791 1919 1849 XIII.

456 1898 820 2043 ARtibus
848 1897 1180 1989 aggreditur
1199 1902 1225 1972 J
1233 1921 1478 1959 uvenem
1501 1922 1591 1960 rea
1613 1902 1868 1961 Foemina
1888 1892 2108 1960 blandis
2127 1942 2145 1969 ,

662 1995 917 2053 Foemina
939 1998 1190 2054 mentitis
1211 1988 1544 2053 illecebrosa
1564 1989 1713 2054 dolis
1739 2037 1751 2051 .

461 2085 652 2142 Heros
671 2084 960 2173 angelicus
982 2081 1279 2147 sceleratos
1302 2084 1429 2146 odit
1449 2107 1671 2145 amores
1695 2111 1706 2144 ε

547 2179 808 2239 Luxuria·
832 2175 967 2240 hinc
987 2198 1204 2269 pugnat
1224 2205 1238 2247 ·‚
1268 2173 1473 2238 fortifis
1493 2178 1624 2240 inde
1644 2175 1834 2268 pudor
1851 2223 1863 2236 .

457 2271 767 2358 megero
787 2271 1110 2335 monstrum
1139 2275 1351 2333 Satanae
1369 2276 1575 2333 titlone
1598 2268 1821 2360 repellit
1843 2317 1856 2329 .

550 2362 755 2449 Hydra
775 2360 894 2428 haec
917 2411 934 2437 ,
964 2362 1078 2428 hoc
1101 2361 1218 2428 telo
1239 2410 1257 2436 ,
1290 2359 1408 2426 hoc
1428 2367 1558 2452 igne
1578 2362 1875 2428 domanda
1902 2357 2016 2426 fuit
2035 2410 2048 2424 .

451 2454 548 2517 An
567 2451 678 2517 fuit
721 2462 886 2519 unius
907 2478 1063 2521 tanta
1084 2454 1202 2520 haec
1221 2461 1470 2519 vidtoria
1488 2456 1775 2520 Monstn?

543 2545 868 2639 Tifiphonc
896 2556 955 2614 in
975 2546 1109 2614 Sola
1129 2597 1144 2623 ,
1183 2571 1338 2614 totus
1368 2554 1629 2615 Avernus
1649 2572 1766 2614 erat
1785 2598 1799 2611 .

1019 2666 1064 2724 E
1115 2665 1138 2723 I
1189 2666 1255 2726 U
1303 2666 1336 2722 S
1387 2666 1447 2724 D
1497 2667 1542 2725 E
1592 2667 1662 2726 M

563 2760 645 2815 De
682 2779 769 2818 rea
803 2752 1029 2821 Muliere
1048 2752 1431 2846 Triumphantis
1450 2801 1467 2828 ‚
1508 2753 1822 2847 Angelorum
1837 2757 2115 2844 ministerio

1027 2845 1188 2914 lumbi
1195 2850 1611 2942 perstringuntur
1625 2897 1639 2913 .
2176 2942 2179 2943 γ

1966 2947 2111 3008 ΕΡΙ-
