2341 3261
572 126 650 182 8²2n

478 202 799 277 Dissidium
816 212 876 271 in
895 201 1120 300 populo
1139 203 1343 272 miscet
1357 205 1560 274 vocale
1577 230 1793 274 canoro
1812 238 1828 283 3

475 304 649 367 Ordo
669 305 862 366 omnis
881 298 1070 366 subito
1088 348 1106 373 ‚
1127 315 1185 366 &
1211 301 1417 365 fidium
1444 303 1748 367 numerosa
1792 327 2054 394 propago

475 401 798 460 Coniurata
817 391 1015 457 fremit
1042 421 1056 467 3
1085 391 1434 484 fervensque
1453 393 1690 459 rebellio
1709 420 1933 460 vocum

475 491 689 552 letibus
718 484 1006 557 insultam,
1039 486 1130 548 vel
1150 484 1250 550 sub
1269 506 1491 549 tortore
1509 493 1796 552 minatur:

472 585 545 644 Et
586 577 777 643 dulces
797 575 973 641 furias
996 602 1100 640 nec
1125 578 1398 668 castigata
1415 584 1660 643 remittit
1676 627 1690 641 .

470 678 627 762 Saepe
646 667 742 734 sua
766 670 981 762 digitus
1011 669 1170 736 velut
1187 692 1369 735 artem
1399 695 1612 761 quaerat
1646 679 1706 736 in
1723 694 1841 737 arte
1858 719 1876 746 ,

476 769 803 828 Cunctator
824 811 840 836 ,
861 763 1130 829 timidam
1157 789 1338 828 nervo
1360 765 1655 829 dubitante
1675 765 1944 857 poposcit

471 862 655 920 Vocis
675 863 976 920 avaritiam
998 883 1011 918 :
1032 881 1184 920 nunc
1201 854 1531 920 illaudabile
1555 882 1788 921 carmen

474 955 601 1012 Ceu
624 971 996 1040 contemptor
1016 956 1122 1013 init
1144 977 1156 1011 ε
1177 973 1326 1012 nunc
1345 946 1590 1039 scalpere
1608 947 1701 1014 fila
1728 954 2014 1013 minantes

471 1047 774 1132 Decepere
793 1066 993 1105 manus
1013 1040 1580 1130 aurem2c1tharamq3
1600 1062 1887 1106 tacentem

473 1131 773 1200 Audivisse
793 1156 954 1222 putas
975 1162 989 1206 ·,
1010 1148 1068 1199 δε
1088 1158 1250 1198 mens
1277 1131 1469 1197 delusa
1489 1136 1792 1224 pependit:

471 1231 651 1289 Nunc
670 1224 837 1289 exosa
854 1251 1045 1291 moras
1068 1275 1085 1300 ,
1103 1249 1278 1316 atque
1297 1226 1571 1289 ostentata
1594 1251 1693 1316 per
1711 1249 1895 1290 artem

471 1323 636 1390 Otia,
653 1320 1007 1410 proditopes
1025 1343 1228 1382 omnes
1248 1364 1265 1390 ‚
1284 1330 1343 1382 &
1362 1323 1521 1382 vocis
1557 1330 1614 1382 ὃς
1633 1325 1781 1382 artis,

473 1408 633 1475 Proh
654 1411 851 1475 divina
870 1410 1087 1500 Chelys
1112 1431 1123 1475 ε
1146 1415 1284 1475 Mea
1304 1458 1321 1483 ‚
1352 1435 1450 1501 per
1468 1432 1566 1474 tua
1586 1410 1680 1474 fila
1703 1459 1719 1483 ,
1746 1408 2017 1475 voluntas

470 1507 632 1567 Tum
650 1502 896 1567 trahitur
922 1552 936 1565 .
959 1509 1212 1568 Moerere
1230 1506 1388 1566 iubes
1409 1520 1425 1565 ?
1447 1503 1524 1566 est
1553 1502 1688 1566 flere
1709 1503 1995 1594 voluptas:

472 1592 681 1659 Risum
701 1596 802 1660 odi
823 1643 840 1668 ,
861 1594 1240 1686 lacrymaeque
1261 1594 1502 1685 placent.
1521 1601 1789 1660 Hortaris
1805 1598 1878 1661 ad
1896 1604 2062 1660 iram?

474 1685 692 1751 Irascor
709 1735 727 1760 ,
746 1686 887 1751 nulli
907 1695 1097 1753 iratus:
1117 1714 1237 1752 non
1257 1685 1430 1760 laesus,
1451 1694 1642 1751 amavi

474 1781 852 1853 VindiCtam3
876 1807 979 1845 nec
1000 1781 1214 1847 habens
1235 1778 1423 1845 hostes
1444 1827 1461 1852 ,
1485 1778 1713 1844 hostilia
1729 1778 1910 1845 volvo
1929 1809 1944 1852 3

472 1873 967 1964 Tranquillusque
984 1881 1191 1964 agitor.
1220 1876 1421 1950 Jubeas
1441 1873 1687 1962 gaudere
1721 1884 1742 1936 ,ἓ
1782 1878 1973 1937 Sereni

480 1971 623 2028 Sunt
648 1971 860 2029 animi:
881 1964 995 2029 line
1022 1966 1171 2030 sorte
1198 1990 1370 2037 nova,
1391 1963 1747 2056 melioreque
1767 1964 1888 2029 fato
1907 2012 1925 2039 ‚

481 2063 622 2119 Sum
639 2056 777 2121 fellx
798 2086 811 2129 3
835 2056 1002 2122 nullis
1022 2068 1259 2123 veniunt
1279 2070 1336 2122 &
1356 2059 1564 2148 gaudia
1583 2056 1756 2121 causis
1777 2106 1790 2118 .

479 2155 572 2212 Sic
600 2174 699 2239 per
718 2148 878 2213 mille
899 2157 1048 2215 vices
1069 2198 1084 2223 ,
1105 2147 1449 2240 citharamq3
1471 2198 1486 2222 ‚
1522 2157 1845 2239 animumq3
1883 2149 2113 2215 volutat

478 2245 584 2304 Vis
615 2266 893 2306 manuum
915 2268 1035 2306 non
1053 2267 1165 2305 una
1185 2289 1197 2302 .
1234 2243 1369 2304 fides
1400 2250 1611 2333 premit
1639 2241 1813 2305 altera
1834 2241 1981 2306 lente
1999 2289 2016 2315 ‚

479 2331 681 2397 Altera
699 2341 979 2425 percurrit
1000 2332 1226 2424 rapide:
1257 2332 1459 2397 festina
1480 2360 1575 2423 per
1604 2359 1845 2398 omnem

480 2430 733 2489 Dextera
752 2426 891 2489 dum
911 2423 1120 2490 volitat
1138 2432 1357 2489 varians
1380 2425 1655 2491 miracula
1672 2425 1957 2491 chordam
1985 2454 1999 2498 3

479 2517 746 2582 Artifices
766 2519 975 2582 edocita
999 2542 1192 2581 moras
1214 2565 1230 2589 ‚
1258 2515 1311 2579 se
1331 2515 1509 2583 lenius
1528 2541 1694 2609 urget
1715 2566 1732 2591 ‚

476 2613 793 2701 Temperat
821 2621 878 2674 δε
900 2609 1145 2698 prudens
1164 2607 1543 2674 furibundam
1562 2609 1700 2675 laeva
1718 2608 1984 2676 sororem
2002 2657 2016 2672 .
2062 2662 2064 2665 s

570 2708 695 2766 Ceu
716 2703 1000 2790 trepidam
1019 2702 1228 2766 ducens
1247 2709 1306 2765 in
1327 2705 1660 2794 tempestate
1680 2712 1934 2769 carinam
1952 2749 1970 2776 ‚

477 2798 706 2862 Navita
722 2842 740 2871 ‚
766 2795 911 2862 dum
928 2820 1118 2864 remos
1138 2842 1159 2871 ,
1183 2819 1248 2862 ac
1274 2799 1494 2863 circum
1510 2796 1636 2863 vela
1651 2793 1910 2864 volantes

1993 2890 2154 2951 Dant
