2341 3261
632 102 726 150 162„

531 181 638 244 Ast
658 183 755 245 ubi
780 175 1082 270 perspecta:
1108 175 1335 243 fraudes
1355 225 1373 250 2
1395 181 1489 246 ubi
1508 185 1774 270 cognitus
1809 204 1967 245 error
1982 226 2001 253 ‚

534 280 605 337 Et
625 278 866 337 mentita
890 270 1105 337 Virum
1125 277 1309 360 patuit
1328 267 1625 336 fimulacra
1652 278 1844 337 timeri
1863 301 1878 344 ·,

534 368 777 430 Erubuit
797 364 1041 430 timuiffe
1065 392 1077 425 :
1101 362 1204 428 suo
1224 369 1518 454 iratusque
1536 371 1773 438 timori,

533 458 829 523 Turbidus
847 505 864 530 ,
885 454 1299 547 horribilisque
1318 503 1336 529 ,
1364 468 1424 521 δε
1448 463 1568 543 jam
1589 454 1905 521 formidine
1923 455 2067 523 liber
2084 502 2102 529 ,

537 548 876 640 ἱαῖῑίῑίἓῑφιε
896 546 1062 612 ferox
1078 596 1096 622 ,
1116 574 1181 614 ac
1199 547 1510 641 plusquam
1528 554 1739 613 Soricis
1763 555 1871 614 iras

536 647 899 733 Concipiens
917 689 935 715 ,
959 642 1289 733 dignosque
1310 667 1508 734 gerens
1529 640 1851 733 Elephante
1869 640 2093 706 furores
2110 688 2129 714 2

534 737 791 801 Auribus
811 740 1040 800 arrectis
1060 783 1076 808 ‚
1095 733 1338 826 setisque
1355 741 1611 800 immane
1630 740 1858 799 retortis
1877 782 1896 807 2

536 826 791 893 Ebullire
810 833 1014 892 animis
1036 826 1292 918 primum
1312 857 1325 900 3
1350 841 1407 893 δε
1428 826 1739 892 furibunda
1772 833 1922 891 ciere

540 926 783 985 Pectora
807 949 818 984 :
839 920 1070 986 delictis
1091 941 1245 985 totus
1266 918 1476 1012 pallere
1495 918 1700 985 futuris
1721 948 1735 991 3

541 1012 799 1079 Volvere
819 1015 1036 1104 grande
1060 1011 1300 1078 malum.
1324 1020 1444 1078 Stat
1462 1018 1694 1077 cunctas
1715 1018 1942 1078 vincere
1960 1018 2160 1076 noCtes

541 1111 904 1172 Criminibus
927 1136 939 1180 3
971 1105 1252 1197 factoque
1273 1104 1474 1170 locum
1502 1104 1719 1196 ssgnare
1742 1106 2063 1174 tremendo.

635 1200 803 1275 Quid
825 1225 1027 1264 moror
1062 1206 1440 1291 ?Exuperavit
1458 1224 1604 1290 opus
1626 1228 1639 1271 ·,
1661 1205 1918 1287 vicitque
1951 1205 2115 1261 ruina
2147 1206 2152 1210 ’

541 1290 873 1356 Consilium
893 1340 905 1353 .
934 1297 1084 1356 Non
1107 1297 1241 1355 Mus
1263 1339 1279 1365 ,
1299 1293 1397 1357 sed
1417 1292 2161 1381 rnonstrum>pesti&Enyo2

539 1384 862 1449 Bacchatur
881 1383 999 1448 fine
1017 1382 1142 1475 lege
1165 1413 1176 1446 z
1199 1384 1391 1450 furens
1411 1432 1429 1458 ‚
1459 1407 1633 1474 atque
1654 1386 1840 1448 ebrius
1861 1389 1943 1447 ira

539 1480 801 1542 Turbine
821 1483 1029 1542 cuncta
1058 1483 1223 1567 rapit3
1245 1476 1473 1550 lacerat,
1492 1498 1678 1549 vorat,
1699 1474 1925 1548 effodit,
1953 1472 2161 1547 aufert,

540 1571 758 1636 Rostro
779 1618 794 1644 ,
813 1571 1079 1636 dentibus
1099 1618 1116 1644 ,
1134 1594 1327 1660 ungue
1346 1617 1361 1643 ,
1381 1594 1558 1634 manu
1577 1617 1589 1630 .
1607 1575 1807 1652 Jejuna
1824 1566 1998 1632 leaena

538 1668 755 1729 Mitior
773 1666 1061 1728 incumbit
1088 1670 1261 1727 tauris
1283 1663 1578 1753 :odioque
1604 1668 1838 1726 minore.

535 1758 865 1849 Abreptam
889 1781 1132 1848 querens
1152 1754 1452 1829 sobolem,
1471 1754 1612 1819 furit
1630 1779 1861 1819 armena
1887 1758 2068 1844 tigris·

541 1854 693 1915 Non
718 1874 888 1914 mora
906 1898 923 1924 ,
942 1875 1063 1914 non
1081 1855 1304 1941 requies
1327 1877 1339 1911 ε
1359 1846 1470 1913 hac
1488 1846 1749 1914 libertate
1775 1847 2027 1913 nocendi

514 1970 518 1973 ’
542 1947 864 2007 Luxurians
885 1989 901 2014 >
921 1943 1293 2034 gaudensque
1311 1939 1478 2006 malis
1498 1989 1517 2016 ,
1531 1939 1809 2032 ultorque
1839 1944 2107 2032 pavoris3

542 2041 748 2118 Qam
769 2033 934 2100 stulte
953 2034 1473 2111 horruerat2statuit
1489 2031 1640 2099 male
1657 2034 1894 2126 perdere
1913 2040 2169 2124 gentem-J

533 2133 601 2192 In
618 2128 866 2220 pecudes
885 2177 902 2203 ,
928 2130 1335 2220 pecudumque
1357 2135 1552 2194 Duces
1571 2133 1821 2218 irruptio
1840 2134 2031 2218 prima
2049 2170 2064 2186 .

529 2225 682 2287 Non
718 2228 839 2288 veri
861 2228 1085 2312 pecoris
1104 2247 1268 2288 verus
1289 2220 1487 2312 lupus,
1511 2217 1758 2285 Obsldet
1778 2219 1913 2283 inde

528 2319 804 2380 Sanctam
819 2317 1053 2381 Urbem
1073 2343 1084 2377 z
1105 2340 1294 2405 neque
1315 2339 1414 2406 per
1434 2320 1630 2378 Portas
1651 2319 1860 2376 intrare
1879 2317 2161 2404 patente&

529 2407 642 2472 Sed
668 2404 841 2472 laceri
863 2407 1119 2497 irrupiffe
1140 2415 1300 2495 juvat
1317 2455 1334 2481 ,
1358 2433 1457 2498 per
1477 2404 1690 2474 viscera
1722 2410 1921 2477 Muri;

529 2504 696 2563 Ferre
712 2522 954 2564 manum
970 2499 1236 2592 Templis
1260 2547 1277 2573 ,
1303 2512 1362 2564 &
1384 2505 1598 2565 Turres
1619 2497 1788 2562 dente
1815 2496 1986 2563 ferire

527 2595 678 2656 Non
696 2598 885 2668 timet,
906 2605 965 2657 δε
986 2591 1167 2659 sacras
1194 2618 1353 2659 arces
1384 2591 1574 2658 delere
1597 2597 1786 2655 Sionis
1804 2639 1824 2664 ,

528 2685 829 2750 Terribilis
855 2691 1038 2751 Muto
1057 2691 1195 2751 Mus
1214 2734 1231 2761 ‚
1250 2693 1418 2777 pejor
1444 2691 1706 2775 Principe
1724 2690 1894 2750 Titto
1914 2696 1930 2746 .’

529 2774 810 2865 §nimina
828 2782 1158 2848 Scribarum
1172 2827 1192 2858 2
1210 2779 1293 2873 ph
1308 2776 1623 2870 arisaeaque
1641 2782 1826 2845 Tecta
1843 2774 2008 2842 ruere
2026 2864 2060 2933 d
2123 2863 2139 2885 ἱ

1903 2875 2022 2934 Fun
2066 2871 2176 2933 itus
