2341 3261
593 162 637 211 6

455 247 684 310 Lancea
701 292 720 320 3
738 243 865 336 csu'ae
879 237 1111 308 veniens
1128 231 1282 303 celso
1308 232 1674 304 audacissima
1691 234 1817 302 nisu

460 342 615 404 Mox
634 337 766 405 ferit
785 365 799 411 3
822 347 882 401 &
901 332 1133 426 plagam
1151 329 1467 398 transverso
1484 337 1548 396 in
1564 337 1767 421 Stipite
1783 332 1912 423 figit

457 427 811 498 Deformem
828 448 844 494 .-‘
864 426 965 492 Ille
983 424 1188 491 dolore
1206 449 1400 490 amens
1419 472 1438 499 3
1457 430 1744 489 amentior
1771 425 1860 490 ira
1874 472 1893 498 3

455 521 676 615 Culpat
692 547 909 615 equum
929 548 943 593 3
963 531 1024 584 &
1041 515 1256 582 sortem
1273 566 1291 591 3
1310 517 1481 609 seque
1507 524 1764 609 increpat
1788 565 1805 592 3
1829 531 1888 584 &
1905 514 2002 583 sua
2020 516 2130 585 tela
2151 548 2166 596 3

451 623 600 684 Non
624 642 818 684 tamen
835 634 933 679 aut
958 612 1140 677 crebri
1159 608 1296 674 risus
1314 659 1332 685 3
1354 609 1651 702 plaususve
1670 610 1912 704 maligni
1939 659 1957 685 3

449 715 575 775 Aut
600 704 994 799 incomposito
1013 701 1260 769 mitescit
1285 708 1451 771 turba
1467 704 1728 770 Theatro
1748 753 1763 768 .

448 806 630 870 Haud
657 811 736 868 ita
763 804 1021 893 peccavit
1038 844 1055 871 3
1086 804 1244 862 cuius
1262 797 1548 862 violenter
1574 799 1807 863 adactus

446 901 698 987 Forcipis
725 916 901 960 aeratae
919 916 1123 956 mucro
1143 890 1426 955 convulsit
1452 891 1738 956 habenam
1760 919 1774 962 3

446 987 834 1079 Orbiculique
852 984 1014 1050 foros
1050 1031 1068 1058 3
1087 1006 1259 1075 atque
1278 989 1477 1048 onmia
1503 986 1694 1072 abegit
1711 988 1771 1047 in
1788 1007 1965 1048 auras:

450 1082 556 1148 Iste
577 1108 677 1146 nec
697 1078 884 1145 amisit
907 1075 1164 1169 palmam
1182 1124 1198 1150 3
1219 1103 1407 1168 neque
1430 1083 1662 1166 praemia
1681 1079 1884 1166 palmae

450 1180 643 1241 Prima
660 1172 793 1239 tulit
818 1221 835 1246 3
855 1170 1047 1236 laudes
1066 1191 1368 1236 contentus
1388 1168 1597 1234 habere
1617 1166 1886 1232 secundas
1907 1217 1920 1230 .

58 1290 261 1338 Viffloriae
274 1289 418 1342 ordine
452 1273 675 1335 Primus
704 1287 842 1331 ovat
861 1314 876 1337 3
903 1265 1257 1354 decoratque
1278 1263 1433 1326 diem
1452 1309 1467 1334 3
1499 1286 1833 1351 nomenque
1855 1263 2139 1356 triumphi

62 1356 288 1408 Secundus
293 1398 303 1408 ·
462 1367 747 1452 Integrat3
778 1365 836 1422 in
864 1357 1124 1421 medium
1144 1361 1302 1420 cuius
1339 1352 1611 1418 collineat
1630 1357 1833 1418 orbem
1864 1403 1880 1427 3

459 1463 636 1520 Certa
660 1452 825 1516 ferire
847 1444 1192 1539 manus3quo
1217 1447 1488 1511 destinat.
1510 1453 1633 1509 Ora
1654 1453 1893 1536 patentis

464 1553 708 1616 Introit3
740 1541 1145 1639 armillamque
1173 1538 1356 1603 ferens
1385 1546 1644 1602 innexuit
1664 1539 1831 1602 liastae
1858 1567 1872 1601 ε

466 1647 557 1704 Ac
585 1636 830 1702 volitans
858 1633 981 1699 tota
999 1682 1014 1707 3
1043 1639 1296 1724 {equitur
1317 1658 1493 1722 quem
1515 1629 1735 1720 plausus
1766 1679 1781 1703 3
1801 1631 1968 1695 arena
1987 1683 2004 1709 3

474 1732 651 1795 Haud
673 1731 910 1794 dubiam
937 1728 1179 1791 ostentat
1198 1723 1348 1788 Telo
1370 1730 1590 1788 viclorc
1619 1749 1931 1787 coronam.

565 1824 669 1887 Ast
688 1821 924 1912 quando
941 1844 1120 1884 vacua
1140 1823 1286 1881 Cam
1296 1823 1350 1907 pi
1371 1820 1609 1880 statione
1631 1815 1918 1906 patescant
1937 1847 1949 1890 3

476 1925 674 1998 Qiam
696 1911 805 1978 late
825 1913 960 1976 hinc
993 1910 1167 1975 oculo
1188 1918 1407 1973 circum
1428 1911 1800 1974 dominabere
1825 1928 1834 1971 2
1859 1916 2158 2005 Utrinque

475 2005 737 2075 Divisere
757 2003 921 2068 suum
941 2004 1038 2068 libi
1061 2003 1224 2066 Plora
1252 2050 1268 2074 3
1312 2008 1616 2091 Dianaque
1645 2027 1904 2091 regnum.

69 2110 235 2158 Hortus
266 2105 426 2165 Regius
439 2143 448 2153 ·
488 2110 710 2167 Primus
736 2097 929 2161 honor
952 2095 1160 2160 Florae:
1200 2119 1326 2184 qua*
1343 2090 1594 2183 primum
1616 2101 1772 2157 Rure
1805 2101 1990 2185 potita
2008 2145 2026 2171 3

479 2191 647 2260 Prole
665 2189 924 2256 colorata
959 2187 1349 2279 praegrandem
1378 2186 1666 2250 illuminat
1684 2193 1948 2252 Hortum
1966 2236 1980 2250 .

477 2285 667 2362 Quod
685 2285 901 2373 stupeas
922 2329 938 2354 3
957 2304 1110 2346 creta
1126 2277 1321 2342 Tellus
1351 2277 1588 2343 solidata
1627 2285 1811 2342 tenaci

475 2372 594 2444 Effe
625 2379 852 2441 iubetur
879 2384 1046 2464 inops
1084 2420 1096 2433 .
1135 2377 1380 2450 Qanto
1404 2373 1480 2434 cst
1517 2370 1746 2460 expulsa
1767 2371 1962 2436 labore

469 2469 747 2534 Fertilitas
774 2487 784 2530 1
819 2472 1068 2531 Miratur
1088 2488 1221 2553 ager
1241 2464 1436 2527 sudare
1458 2462 1784 2536 Colonum,

472 2569 571 2628 Ne
590 2562 733 2653 quid
758 2564 938 2624 Terra
958 2556 1100 2622 ferat
1123 2584 1134 2617 :
1155 2561 1329 2619 iactat
1348 2557 1500 2619 nuda
1520 2554 1614 2626 illa
1642 2557 1916 2622 decoram

473 2659 833 2745 Pauperiem3
862 2656 1083 2740 magnis
1103 2653 1372 2712 Domino
1393 2646 1692 2713 sudoribus
1712 2672 1988 2741 emptarm

471 2753 544 2811 Et
562 2746 823 2811 laudatur
849 2752 1026 2809 iners:
1048 2754 1106 2806 δε
1126 2740 1252 2805 sunt
1269 2737 1389 2804 sola
1415 2747 1535 2804 otia
1553 2739 1770 2805 fruc-”tus
1798 2790 1811 2803 .

472 2835 732 2906 Tantum
749 2835 1038 2905 humilem
1054 2831 1287 2926 Sylvam
1305 2879 1323 2909 3
1341 2831 1561 2900 attonsa
1581 2830 1895 2901 describere
1913 2837 1950 2902 b
1962 2863 2096 2901 uxo:

1976 2936 2141 2994 Con-
