2341 3261
541 186 606 238 30

448 249 790 343 conglobat
807 297 821 310 .
856 253 941 314 Hi
961 243 1186 314 summa
1217 254 1468 314 venienti
1487 241 1786 314 occurrere
1819 245 1942 343 ripa
1957 294 1978 324 ‚

448 351 535 411 Hi
553 349 685 410 dare
706 343 758 408 se
775 341 957 408 fluvio
977 390 993 416 ,
1011 348 1305 435 primique
1325 340 1586 407 attollere
1606 364 1823 407 certant

447 439 787 528 Gurgitibus
806 484 818 498 .
869 441 1045 502 Vetat
1062 434 1158 500 ille
1177 483 1193 509 ,
1213 460 1453 501 movens
1480 433 1750 526 generosa
1769 460 1868 528 per
1886 457 2118 501 amnem

446 530 724 597 Bracchia
749 557 763 601 3
794 527 1060 593 terribilis
1080 527 1227 592 secat
1246 526 1358 592 alta
1374 527 1586 593 fluenta
1605 551 1837 595 natator
1853 577 1870 602 ,

443 629 565 688 Iam
585 623 854 688 dominus
899 630 1033 713 ripae
1050 669 1064 683 .
1113 626 1261 686 Non
1280 619 1321 686 si
1340 622 1626 687 redivivus
1645 628 1705 686 in
1724 646 1883 686 auras

441 714 709 781 Merserit
730 760 747 787 ‚
769 711 1019 778 exultare
1041 720 1223 804 magis
1244 763 1257 776 .
1307 722 1375 778 Se
1397 713 1448 778 se
1468 721 1701 806 agmina
1720 713 1954 780 densant
1971 759 1991 787 ,

441 808 684 874 Visendi
703 808 891 873 studio
913 835 925 870 2
945 814 1063 872 iam
1080 833 1184 871 nec
1204 813 1287 872 vis
1304 805 1421 871 ulla
1444 813 1744 871 Parentem

440 908 680 967 Detinet
700 928 711 961 t
732 906 791 964 in
809 901 1032 965 medios
1049 906 1208 964 venit
1223 948 1239 973 ‚
1262 913 1318 964 δε
1344 906 1488 964 Nati
1506 926 1607 964 ora
1627 904 1839 990 recepti

441 996 779 1060 Procumbit
799 992 982 1085 super,
1001 1018 1174 1084 atque
1192 992 1865 1083 haeret21achymansque‚
1885 988 2207 1084 fruensque.

441 1085 542 1151 Ille
563 1087 795 1150 madens
817 1092 972 1150 amni
992 1133 1009 1159 ,
1030 1100 1087 1150 &
1117 1084 1408 1152 maculosa
1424 1093 1652 1178 pinguis
1673 1083 1839 1149 arena
1864 1132 1882 1157 ,

440 1187 533 1244 Sic
554 1204 793 1269 quoque
812 1177 1053 1270 pulcher
1072 1202 1190 1243 erat
1208 1229 1221 1243 .
1241 1185 1440 1245 Virtus
1459 1177 1690 1243 accensa
1710 1179 1982 1243 decorem

434 1277 696 1339 Auxerat
725 1284 820 1344 ,ὃς
851 1269 1024 1336 facies
1043 1272 1308 1336 nondum
1335 1270 1437 1338 fibi
1458 1294 1610 1337 certa
1632 1268 1863 1364 pericli:

439 1372 589 1447 Qe
609 1362 813 1455 Populi
833 1366 979 1429 ridet
998 1363 1320 1454 lachrymas
1340 1414 1358 1438 ,
1377 1390 1671 1457 vanosque
1691 1369 1925 1429 timores

377 1537 382 1540 μ
441 1459 700 1547 Castigat
723 1455 964 1531 blande,
992 1470 1050 1522 &
1074 1456 1212 1523 viles
1233 1460 1303 1524 de
1322 1465 1582 1550 Principe
1617 1456 1800 1522 sensus
1819 1506 1832 1518 .

368 1546 372 1551 ’
533 1556 748 1640 Frange
768 1548 937 1614 miser
955 1549 1206 1615 calamos
1233 1600 1250 1625 ‚
1277 1549 1630 1642 vigilataque
1663 1556 1918 1616 carmina
1938 1555 2114 1618 Vates

436 1640 622 1715 Dele-‚
645 1655 702 1706 &
722 1647 969 1708 viCturas
989 1648 1219 1709 vidituro
1249 1650 1510 1735 Principe
1544 1642 1784 1709 chartaS.

437 1734 541 1800 Ille
565 1742 789 1799 animus
811 1741 1007 1800 vietor
1025 1734 1164 1809 fati,
1184 1743 1490 1827 maiorque
1511 1736 1734 1827 periclis
1752 1785 1771 1811 ,

439 1827 542 1892 Illa
562 1834 575 1891 i
584 1852 761 1918 gnata
779 1834 931 1892 mori
951 1835 1128 1895 virtus
1148 1877 1166 1903 ,
1182 1829 1549 1895 voluentibus
1569 1830 1749 1893 Astris
1769 1877 1787 1902 ,

437 1927 501 1985 In
524 1921 719 1985 medio
743 1945 934 1985 rerum
954 1943 1298 2012 quantarum
1318 1924 1557 2011 abrupta
1575 1920 1809 2012 reliquit

439 2019 694 2077 Omnia!
726 2012 879 2078 Proh
907 2013 1142 2103 qualem
1161 2021 1388 2079 veniam
1423 2015 1618 2078 divine
1649 2020 1879 2079 mereris

116 2132 308 2182 Mortem
439 2106 683 2170 Eridane
706 2111 803 2169 [Εἰ
822 2113 990 2169 nimis
1010 2106 1164 2170 hunc
1184 2105 1415 2197 Populis
1435 2105 1731 2171 Elementa
1748 2107 2018 2172 dolorem

110 2199 327 2276 Principis
440 2197 784 2263 Portendere
805 2199 902 2262 diu
926 2247 937 2259 .
959 2202 1169 2264 Nimbi
1189 2245 1205 2271 ,
1230 2204 1395 2263 Mare
1414 2247 1428 2272 ‚
1452 2198 1691 2263 flumina
1709 2246 1726 2272 ,
1753 2207 1955 2274 Venti,

106 2262 374 2379 ”lgiiiicisylssn
441 2290 728 2355 Excessere
756 2292 1007 2355 modum
1028 2340 1040 2352 .
1062 2298 1211 2368 Quis
1234 2317 1349 2355 non
1370 2289 1482 2354 fine
1500 2289 1720 2382 legibus
1757 2290 1922 2356 illum

109 2394 337 2469 damasec}
443 2389 528 2447 Ire
554 2409 768 2447 annum
788 2432 803 2457 ,
823 2390 998 2474 inque
1032 2383 1228 2448 Chaos
1249 2385 1570 2448 rediturum
1590 2382 1887 2449 exhorruit
1907 2388 2154 2452 Orbem?

104 2461 236 2525 fsedae
259 2462 372 2524 ulnq3
535 2482 783 2566 Optima
804 2475 895 2540 sed
916 2479 1151 2566 quando
1171 2525 1187 2550 ‚
1208 2502 1311 2540 nec
1333 2501 1458 2566 quae
1479 2474 1812 2542 melioribus
1841 2485 1997 2543 annis

109 2528 343 2654 2]ἴῖἑίῖῇ
443 2571 701 2633 Invideat
719 2616 735 2641 ,
755 2565 873 2659 spes
894 2574 1124 2658 lmperij
1149 2617 1164 2641 ,
1185 2582 1242 2633 &
1262 2567 1494 2633 fortuna
1525 2575 1728 2633 revixit
1747 2598 1762 2642 ς

106 2661 241 2749 siam
267 2672 373 2719 ΡΜ·
441 2668 567 2725 Rex
586 2661 753 2735 Pade‚
772 2658 942 2726 nosce
975 2663 1111 2727 Padi
1130 2667 1317 2752 Reges
1338 2710 1349 2721 .
1367 2658 1484 2725 Hic
1503 2658 1671 2727 fraena
1689 2663 1918 2754 capel&

110 2724 323 2785 afferunt.
441 2759 572 2818 Hos
592 2779 845 2819 reverere
864 2753 1022 2819 locos
1064 2803 1077 2816 .
1106 2759 1255 2832 Quis
1283 2776 1338 2818 te
1358 2755 1532 2818 decor
1550 2755 1774 2822 additus
1810 2779 1976 2822 ornet
1994 2803 2011 2830 ‚

443 2844 565 2938 Ipse
586 2849 689 2913 tibi
726 2848 972 2915 ostendis
1000 2897 1013 2913 .
1030 2845 1332 2914 Tremulas
1352 2853 1410 2913 in
1437 2844 1694 2915 Flumine
1712 2855 1875 2942 picto

1918 2948 2107 3008 Cerne
