2341 3261
108 249 294 316 Hoste
317 244 502 312 modo
520 250 752 337 attiguae
768 243 1051 338 pendente
1069 242 1143 309 ad
1159 243 1314 310 labra
1334 249 1508 310 ruinae
1525 291 1543 319 ,

110 339 237 406 Ceu
260 347 489 406 veniam
507 335 778 403 fimulans
795 335 954 403 vafra
979 346 1189 430 pietate
1209 337 1453 402 modesti

107 431 376 497 Vulneris
395 476 412 502 ,
432 442 490 495 &
516 452 795 520 tanquam
813 456 931 495 non
950 426 1061 495 tela
1077 475 1095 501 ,
1115 427 1209 494 sed
1236 426 1431 494 oscula
1449 427 1617 494 libret
1635 474 1653 501 ,

19 534 22 539 ’
109 530 374 588 Crimine
391 519 588 586 secuto
608 521 849 595 fruitur3
878 520 1193 612 leviterque
1214 518 1384 586 ferire
1402 568 1420 593 ,
1460 544 1464 546 ·
1515 600 1518 601 ⁷

18 638 21 641 ·
107 613 540 680 Contumulaffe
557 612 668 678 fuit
687 642 699 676 ε
720 639 870 680 nunc
889 621 1020 679 caeci
1040 612 1280 703 obliqua
1297 608 1553 678 barathri

16 715 17 720 ’
107 713 231 771 Ora
249 728 410 771 tuens
429 753 444 778 ‚
464 712 582 770 ictu
603 731 721 769 non
741 729 934 770 totum
953 706 1254 771 obstrinxit
1287 728 1460 769 avaro
1480 730 1494 773 3

13 860 17 879 ,-
104 799 214 862 Sed
233 804 444 886 partim
463 795 759 887 ignoscens
780 846 795 871 ,
816 823 930 889 qua
950 819 1108 889 parte
1126 802 1382 889 pepercit
1400 843 1416 868 ,
1455 797 1523 860 ab
1543 791 1640 857 illa

107 891 359 955 Perdidit
380 890 685 954 :abradens
706 938 721 963 ‚
742 897 800 954 in
822 915 1000 980 quam
1019 888 1208 952 minus
1243 887 1472 953 horruit
1491 935 1509 961 ,
1529 909 1734 950 urnam

104 982 316 1045 Trudit
337 985 473 1062 ebur
492 1011 506 1053 3
528 989 785 1072 tantique
805 1007 927 1046 reus
955 980 1253 1045 laudabilis
1280 978 1395 1044 auli
1424 1026 1442 1051 ,

109 1080 264 1138 Cum
286 1072 481 1163 plausu
512 1070 696 1162 fugit3
719 1080 1042 1165 &pretium
1064 1098 1169 1163 pro
1198 1078 1439 1136 crimine
1476 1068 1688 1159 poscit.

199 1171 331 1228 Nec
350 1164 556 1253 globus
577 1170 788 1254 exiguo
807 1172 902 1229 vix
923 1167 1063 1228 dum
1085 1165 1371 1228 redivivus
1391 1167 1460 1228 ab
1480 1184 1647 1226 antro
1672 1208 1688 1233 ,

107 1264 345 1321 Sontem
367 1263 621 1319 animam
642 1255 831 1345 posuit
853 1286 863 1318 :
887 1255 1115 1320 tumulo
1136 1258 1282 1319 redit
1302 1264 1382 1320 ira
1403 1256 1638 1325 relictm

106 1356 306 1438 Atque
327 1350 699 1412 instauranda:
719 1348 1000 1412 stimulata
1020 1350 1290 1439 cupidine
1312 1349 1477 1412 famae
1497 1397 1513 1422 ,

109 1447 330 1505 Omnia
350 1439 601 1504 vulnifici
625 1440 900 1529 implorat
935 1448 1240 1504 conamina
1259 1441 1420 1530 flagri
1443 1490 1455 1502 .

110 1541 396 1622 Qotque
417 1535 574 1595 videt
594 1558 789 1596 caveas
809 1581 824 1606 2
845 1556 1016 1623 atque
1037 1559 1137 1596 ora
1159 1541 1407 1621 patentia
1425 1540 1663 1607 circum,

110 1631 232 1689 Tot
260 1623 400 1687 lethi
425 1647 582 1713 putat
610 1624 712 1688 effe
734 1632 851 1688 vias
872 1674 883 1685 .
905 1623 1044 1713 ergo
1064 1626 1230 1688 instat
1263 1628 1482 1690 eburno

111 1723 342 1782 Ariete:
363 1742 466 1779 nec
484 1717 694 1808 pugilis
717 1726 868 1781 nivei
890 1717 1060 1780 dolor
1081 1764 1098 1789 ,
1126 1725 1323 1806 iraque
1344 1718 1506 1782 cessat
1528 1747 1542 1789 3

111 1815 279 1889 Qin
300 1806 468 1871 semel
489 1856 506 1881 ,
524 1832 697 1898 atque
718 1816 925 1872 iterum
947 1807 1125 1899 plagis
1147 1809 1474 1899 insignibus»,
1500 1809 1666 1877 illum

111 1907 176 1964 In
192 1900 526 1965 barathrum
547 1901 733 1963 missus
753 1904 838 1965 bis
868 1923 1071 1990 terque
1090 1904 1341 1965 beaverit
1362 1901 1537 1965 hostis
1558 1951 1572 1964 .

207 1993 308 2056 Ast
329 1991 442 2081 pila
460 2040 476 2064 ‚
496 2018 672 2082 quam
693 2015 821 2056 toto
841 1992 1129 2056 crudelior
1147 1992 1351 2058 aemula
1369 2002 1526 2059 circo

111 2082 470 2174 Persequitur
487 2132 504 2157 ,
524 2084 860 2175 semperque
877 2111 1061 2149 novus
1082 2086 1329 2175 deglutit
1348 2084 1534 2150 hiatus
1555 2116 1571 2159 3

109 2181 241 2240 Nec
259 2182 351 2241 via
368 2183 483 2239 iam
503 2184 703 2240 teritur
723 2225 738 2247 ‚
766 2184 858 2240 cui
881 2177 1083 2241 nonsit
1105 2202 1259 2242 meta
1280 2177 1620 2266 sepulcrum5

117 2273 274 2330 Cum
295 2290 505 2331 certare
531 2269 636 2332 feri
656 2291 902 2359 nequeat
921 2276 1131 2334 virtut-e
1157 2270 1402 2360 flage1113

114 2363 374 2422 Dimicat
392 2358 603 2446 infidijs
625 2390 637 2423 :
658 2383 935 2425 extremas
965 2360 1206 2452 perlegit
1225 2388 1352 2427 oras
1372 2391 1387 2434 ;

112 2455 375 2539 Vimque
393 2450 533 2515 dolo
553 2451 782 2517 eludens
804 2501 820 2525 ,
840 2455 1026 2517 donec
1044 2451 1137 2518 sua
1158 2479 1423 2545 tempora
1443 2463 1620 2530 norit,

114 2543 452 2606 Vindictam
473 2543 661 2609 differt
680 2578 693 2617 ·,
715 2571 778 2608 ac
796 2568 947 2609 certa
967 2552 1024 2608 in
1042 2547 1252 2611 damna
1287 2546 1573 2612 reservans
1600 2595 1620 2623 ,

116 2640 380 2744 Corripit
395 2642 684 2699 incautam
703 2636 982 2701 meditata
1001 2637 1160 2703 clade
1179 2637 1440 2703 sororem
1462 2692 1473 2704 .

210 2732 337 2788 Imo
358 2734 529 2789 etiam
551 2774 567 2798 ,
587 2726 817 2792 fortuna
837 2731 1021 2793 aditus
1051 2734 1147 2794 ubi
1168 2728 1323 2794 nulla
1341 2756 1575 2795 voraces

50 2837 53 2838 ’
119 2816 414 2884 Obtulerit
433 2847 448 2892 3
470 2817 639 2884 nullis
665 2827 965 2886 inimicam
981 2824 1221 2887 sternere
1243 2821 1428 2914 plagis

1524 2915 1780 2982 Edidiclt

1690 165 1781 231 135⁰

1857 238 1984 287 'Il-fus
1995 236 2215 297 itffligc’ndi

1860 317 2117 366 experzentza

1862 385 1996 417 Uarla
2010 409 2020 417 .

1868 563 2011 628 Difpo
2016 563 2095 627 (ita
2104 565 2217 623 circa

1865 632 1911 693 pl
1915 643 2054 680 meum
2061 633 2081 686 s'
2090 631 2183 674 rra-

1870 698 2005 754 mina,
2016 698 2056 741 in
2071 712 2157 756 ,νῖκαι

1867 761 2151 807 detruduntur

1869 826 1982 874 Ptlae
2001 867 2013 877 .

1872 1151 2132 1199 Ludentium
2155 1149 2219 1197 al-

1870 1232 1996 1265 tcrnae
2013 1220 2127 1264 vices
2139 1255 2149 1263 .

1871 2724 2022 2784 stylus
2039 2739 2187 2783 aerem,

1866 2789 1941 2853 seu
1957 2790 2023 2851 Ius
2019 2791 2127 2836 orius

1872 2856 1975 2904 Rex
1994 2895 2004 2904 .
