2341 3261
1703 116 1791 168 ¹03

124 182 398 277 Si‘ptaedae
414 181 606 249 lubeat
622 229 640 255 ‚
661 180 871 274 praedas
900 177 1066 246 simul
1085 180 1296 246 addere
1313 175 1589 254 nantum3

121 277 299 344 Haud
319 274 520 368 procul
546 273 685 340 hinc
703 278 986 342 bimarem
1004 273 1304 339 referentia
1325 275 1519 363 stagna
1538 274 1836 340 Corinthu

123 375 401 441 Invitant3
429 375 766 461 geminique
788 375 964 434 Lacus
984 416 1000 440 ,
1021 393 1168 458 quos
1190 374 1312 457 ripa
1337 366 1574 431 diremit

46 467 48 471 ’
122 468 340 552 Exigua
363 489 375 523 ε
395 458 458 525 ut
475 486 683 553 parvus
701 464 837 527 bina
862 485 1094 552 aequora
1128 461 1339 525 dividit
1370 456 1616 524 Isthmus
1638 507 1656 533 ‚

213 559 344 619 Nec
363 559 556 643 pigeat
581 554 743 618 casses
762 602 780 627 ,
799 560 981 619 necin
1002 553 1218 617 undam
1246 558 1476 618 mittete
1496 551 1665 618 naffas
1688 579 1704 626 3

121 653 261 712 Sunt
278 644 388 711 illis
407 644 503 711 sua
522 644 678 711 lucra
698 675 710 710 ε
730 654 888 711 iuvat
905 643 1156 737 spectare
1175 665 1483 709 trementes
1501 691 1520 717 ,

34 795 36 809 2
119 741 373 805 Edustos
392 745 451 803 in
471 742 768 828 Cymbam
786 787 805 813 ,
823 761 919 804 aut
938 738 1091 803 nuda
1111 744 1170 802 in
1190 736 1387 802 littora
1408 741 1623 802 tractos
1641 785 1660 813 ,

119 832 440 897 Deficiente
464 838 658 897 anima
675 880 693 906 ,
713 858 850 897 cum
867 831 1261 897 deficientibus
1281 830 1448 894 undis
1467 875 1487 904 ,

120 923 390 989 Molliter
409 930 639 989 enectos
658 973 674 998 ,
696 937 754 990 δε
775 924 909 989 sano
929 923 1128 988 funere
1164 921 1340 1015 pisces
1365 969 1379 984 .

26 1046 27 1049 ¹
123 1017 302 1097 Preda
320 1023 549 1090 minor,
577 1039 735 1082 tener
762 1017 1054 1082 Alburnus
1078 1043 1089 1077 :
1126 1016 1467 1107 spernuntur
1493 1010 1717 1082 Alausae
1742 1043 1756 1088 3

123 1114 254 1174 Nec
273 1108 374 1173 nifi
394 1107 636 1199 quaefitae
663 1107 886 1201 plebeia
904 1111 977 1173 ad
997 1106 1212 1172 fercula
1245 1113 1444 1173 Tincae
1463 1156 1475 1169 .

125 1208 193 1266 Et
213 1207 359 1265 muti
380 1207 567 1292 Lupus
594 1200 690 1266 ille
716 1209 924 1293 gregis,
955 1199 1267 1293 populator
1291 1223 1582 1292 aquarum

124 1300 327 1358 Lucius
348 1342 362 1366 ‚
382 1319 445 1357 ac
465 1317 661 1359 tenero
683 1342 699 1366 ,
729 1302 833 1385 qui
855 1293 1070 1359 viscere
1088 1315 1250 1384 grata
1270 1296 1596 1358 ministrans

125 1385 334 1451 Pabula
355 1434 370 1458 2
393 1384 618 1451 furtivis
642 1394 858 1477 Capito
879 1385 1174 1450 insidiatur
1208 1389 1385 1450 aristis
1404 1435 1422 1460 ,

123 1485 266 1545 Non
294 1479 404 1542 istis
420 1504 683 1543 ¹meruere
703 1488 854 1544 mori
874 1528 891 1552 ,
916 1505 1035 1543 non
1054 1485 1246 1543 vivere
1273 1485 1332 1542 in
1361 1481 1527 1545 undis
1557 1526 1570 1541 .

126 1576 211 1636 Te
232 1570 292 1661 sq
303 1570 732 1636 uammosarum
755 1579 890 1636 Dux
911 1571 1149 1636 loricate
1170 1569 1488 1637 cohortum
1509 1623 1527 1646 ,

131 1669 483 1753 Lemanique
504 1664 653 1727 lacus
674 1712 689 1737 ,
710 1673 1087 1756 princepsque
1121 1668 1437 1730 binominis
1456 1667 1576 1731 Istri
1596 1712 1613 1739 2

128 1762 317 1819 Huius
348 1754 537 1819 Aselle
557 1779 782 1822 natator
801 1782 962 1848 aqua:
979 1805 995 1829 2
1018 1779 1072 1820 te
1100 1763 1240 1821 retia
1259 1758 1477 1823 ducunt

127 1849 377 1920 Nostra,
407 1874 598 1912 motas
620 1851 804 1939 proeda
824 1853 1155 1940 pensantem
1182 1851 1359 1914 divite
1380 1850 1582 1942 longas
1601 1897 1614 1911 .

127 1946 250 2005 Vos
278 1966 519 2032 quoque
539 1940 742 2022 delicie
765 1940 1092 2006 mensarum
1113 1990 1129 2014 ,
1157 1965 1424 2032 argentea
1458 1967 1619 2035 terga

129 2031 356 2113 Stellatcg
376 2080 391 2105 ,
413 2047 470 2098 δε
497 2032 654 2097 nulla
681 2041 946 2115 nociturcg
975 2035 1206 2125 cuspide
1223 2040 1477 2116 Tru&e;

129 2122 387 2216 ovipara
405 2148 466 2191 tu
497 2152 603 2190 nec
623 2130 837 2193 Barbus
859 2133 1237 2218 prepinguior
1256 2126 1389 2193 alvo
1411 2157 1423 2190 :

130 2222 253 2281 Aut
274 2218 343 2281 de
361 2217 651 2284 nobilibus
675 2218 825 2284 male
842 2247 963 2285 non
990 2227 1265 2284 meritura
1284 2226 1554 2312 coquinis

128 2315 418 2399 Sperneris
439 2311 716 2401 Anguilla
735 2360 751 2385 ,
769 2334 866 2376 aut
885 2312 1195 2376 Murenula
1216 2313 1392 2403 digna
1422 2312 1648 2405 placere

131 2404 390 2490 Regibus
411 2450 426 2474 ,
454 2426 794 2495 auratasque
817 2412 963 2469 inter
997 2403 1385 2495 splendescere
1404 2404 1590 2470 lances
1612 2453 1628 2467 .

127 2498 289 2558 Tum
307 2492 538 2585 liquidae
557 2522 654 2588 per
674 2519 865 2589 aperta
888 2495 1051 2589 plage
1069 2546 1087 2572 ,
1108 2496 1201 2563 vel
1228 2521 1464 2590 propter
1491 2521 1722 2563 amoena

130 2591 355 2650 Littora
373 2633 389 2658 ,
409 2585 448 2650 fi
471 2587 675 2653 celeres
696 2615 864 2655 amor
882 2591 959 2654 est
977 2589 1279 2683 impellere
1307 2594 1544 2681 cymbas
1563 2620 1578 2664 3

128 2684 250 2759 Sint
277 2677 412 2744 licet
431 2680 622 2767 ampla
649 2680 768 2747 finu
788 2731 804 2755 2
828 2685 1353 2775 tempestatumque
1380 2688 1578 2776 capaci

134 2777 241 2853 Cet
252 2770 341 2836 ula
360 2772 879 2864 turgescentflucm
898 2804 912 2851 3
940 2802 1241 2869 nunquam
1259 2777 1477 2871 asperat
1501 2773 1681 2842 undas

1715 2871 1803 2932 Ira
