2341 3261
1653 181 1695 232 ¹5

26 251 212 336 Regia
239 242 377 336 saepe
397 267 597 307 manus
619 290 634 316 ‚
661 243 827 307 radio
847 240 1013 331 quod
1031 246 1280 331 contigit
1299 242 1419 306 udo
1437 289 1455 316 ,

25 338 276 404 Pulcrius
305 342 505 400 *exivit
523 384 536 397 .
589 336 696 402 Sed
716 341 844 426 quis
875 361 991 399 non
1011 358 1303 398 marmora
1321 332 1446 398 telis

28 428 310 495 Conferat
330 445 346 492 ?
368 435 436 492 Et
458 434 612 520 paria
630 431 913 494 ambobus
942 425 1218 491 miracula
1236 425 1386 491 nolit

27 523 320 612 Augustos
348 522 552 586 debere
573 527 773 584 Lares?
794 545 893 610 par
913 545 1129 583 nornen
1160 517 1412 611 utrisque
1430 566 1448 593 ,

27 622 126 679 Par
149 620 394 705 pretium
417 642 428 676 :
449 640 512 678 ac
533 611 751 704 duplici
775 611 988 703 duplex
1004 611 1331 676 Thesaurus
1350 618 1409 676 in
1428 632 1545 676 arte
1565 611 1660 676 est.

28 712 135 771 His
155 729 347 770 tamen
366 703 630 796 irnpeni'is
651 753 667 778 ,
693 705 819 768 esset
839 706 1045 794 quibus
1067 702 1292 769 haustus
1314 704 1615 796 Hydaspes
1639 752 1661 779 ‚

29 805 264 882 Divitiis
290 827 303 870 3
334 824 581 889 operum
608 819 872 888 portenta
891 818 1039 887 quot
1065 794 1291 887 insuper
1315 797 1474 860 addis

27 895 246 981 Magne
266 897 470 982 Nepos
494 910 504 954 ι
527 889 736 980 Sepelis
772 887 986 980 quanta
1004 887 1195 953 lucem
1224 889 1478 977 undique
1515 885 1659 953 luce!

21 989 123 1047 ‚Ut
146 989 323 1048 varias
351 982 521 1047 habet
541 986 716 1048 Orbis
735 1007 907 1072 opes;
935 978 1265 1071 longissima
1298 979 1352 1045 se
1371 980 1425 1044 ie

29 1081 176 1140 Non
202 1074 350 1139 secus
371 1084 428 1140 in
449 1074 621 1139 latera
653 1075 956 1138 extendens
976 1121 992 1147 ,
1014 1073 1277 1165 infraque
1305 1121 1322 1146 ‚
1344 1073 1626 1164 supraque
1644 1121 1664 1148 ,

30 1166 521 1258 Respondensque
548 1164 648 1231 sibi
669 1173 904 1230 Larium
922 1164 1359 1232 innumerabilis
1381 1166 1532 1229 ordo
1552 1215 1571 1240 ,

33 1267 158 1323 Ceu
181 1265 335 1322 varia
354 1266 412 1322 in
438 1265 664 1324 varium
685 1265 921 1350 partitus
938 1258 1172 1324 climata
1192 1260 1491 1324 Mundum
1510 1307 1530 1333 ,

31 1355 370 1419 Muneribus
392 1377 583 1416 rerum
599 1358 821 1437 eximijs
839 1377 1202 1444 operumque
1222 1351 1467 1443 refulget
1497 1400 1512 1415 .

33 1443 231 1509 Pulcra
250 1446 562 1534 voluptatis
582 1452 935 1510 commercia
967 1464 978 1510 l
1002 1452 1160 1509 Cum
1181 1451 1322 1510 Lare
1350 1467 1541 1509 mutas

34 1543 312 1602 Laetitiam
334 1565 347 1600 :
383 1537 498 1601 haec
519 1562 660 1600 auro
681 1546 878 1627 potior
899 1563 1023 1628 pars
1044 1585 1060 1612 ,
1079 1537 1255 1602 altera
1286 1544 1534 1628 gemmis
1556 1566 1573 1609 3

34 1628 150 1693 Hic
170 1636 339 1719 Signa
358 1630 567 1692 Aulaeis
586 1678 602 1701 ,
623 1628 740 1693 illic
759 1628 958 1695 Aulaea
978 1637 1192 1720 Figuris

33 1728 287 1812 Eripiant
308 1720 537 1785 laudem
561 1750 573 1783 ε
606 1723 773 1785 decus
794 1722 1169 1814 insuperabile
1191 1729 1406 1788 iaetant

38 1811 169 1877 Hac
197 1821 432 1884 Statuae3
462 1812 597 1876 hinc
619 1823 872 1902 primum
893 1825 1165 1879 emittunt
1189 1814 1475 1903 Crystalla
1509 1822 1763 1883 nitorem
1785 1866 1803 1891 ,

37 1912 194 1969 Hinc
211 1906 484 1996 Tripodae
503 1953 519 1977 ‚
552 1905 943 1997 Thalamique
965 1956 976 1967 .
998 1905 1194 1972 Min-us
1237 1907 1415 1972 divisa
1434 1906 1686 2000 superbit

38 2001 319 2062 Ubertas:
349 2023 500 2060 nova
519 2000 733 2087 ubique
752 2025 913 2064 novo
945 1998 1262 2063 Conclavia
1283 1998 1418 2064 luxu
1440 2049 1458 2074 ,

39 2096 259 2153 Omnia
277 2096 540 2152 certatim
559 2096 864 2154 vincuntur
889 2139 904 2163 ,
927 2106 984 2155 δε
1003 2098 1203 2156 omnia
1225 2098 1480 2157 vincunt.

39 2179 181 2260 Q&
203 2180 410 2271 sequor
429 2184 706 2245 ?ambitio
734 2185 1150 2273 imprude1182&
1170 2209 1315 2250 vana
1336 2186 1550 2277 cupido
1572 2187 1668 2258 est,

39 2279 176 2336 Hoc
196 2274 363 2336 decus
383 2274 603 2363 augusti
622 2300 740 2338 non
758 2274 1068 2340 enarrabile
1085 2281 1256 2340 Τεέὶί
2114 2348 2121 2355 ,

39 2363 205 2428 Velle
226 2364 401 2438 oculo
428 2413 444 2438 ,
463 2363 609 2428 velle
642 2390 775 2429 aure
807 2374 932 2458 capi
956 2368 1094 2432 :Sed
1115 2380 1171 2432 δε
1199 2374 1519 2459 irrequietis
1794 2347 2119 2470 Ξὲζῇἕὲᾗῖᾜ

41 2462 275 2545 Semper
293 2464 397 2520 iter
418 2456 683 2547 Zephiris
701 2461 770 2524 ab
799 2482 1048 2549 utroque
1065 2466 1317 2549 ,patentia
1344 2460 1520 2526 Coelo
1671 2523 1680 2526 -
1792 2465 2102 2543 perbpportmm
2130 2515 2140 2524 .

43 2552 270 2611 Limina
298 2555 636 2638 permittunt
663 2598 675 2610 .
696 2552 935 2615 Austros
954 2555 1098 2617 bibit
1125 2552 1277 2616 Aula
1294 2574 1566 2642 tepente83

44 2640 182 2703 Inde
203 2637 478 2726 hyemem
496 2639 667 2707 nescit
694 2670 705 2704 :
726 2641 980 2708 boreales
1001 2649 1212 2734 exeipit
1228 2670 1389 2709 auras
1410 2673 1424 2716 3

46 2736 204 2793 Hinc
223 2733 424 2795 domat
441 2733 686 2798 aestatein
704 2782 717 2795 .
744 2740 833 2799 Sic
861 2737 1108 2801 torridus
1136 2761 1313 2801 annius
1331 2783 1349 2808 2
1374 2749 1434 2800 ,ὃς
1456 2737 1575 2809 ista,

55 2828 172 2884 Cui
191 2821 335 2886 nihil
362 2822 673 2890 inclemens
693 2874 708 2899 ,
730 2824 1034 2893 mitescunt
1051 2833 1350 2918 Tempora
1371 2874 1387 2900 ,
1417 2834 1482 2894 -in
1501 2828 1667 2896 AEde.

109 2920 236 2991 Jam
254 2920 392 2981 Lare
412 2915 1207 3012 dimens0,n0npretereunda
1224 2942 1519 3001 recurrunt
1659 2926 1755 2989 Li-

1254 3164 1278 3241 s
