2341 3261
1706 155 1766 210 59

200 231 348 305 Qae
368 248 522 288 mare
539 218 913 311 Tyrrhenum
930 226 1111 284 Statio
1140 269 1156 293 ‚
1175 220 1488 311 Solemque
1508 245 1771 288 renatum

16 316 18 321 ’
111 317 329 406 Aspicit
349 346 362 387 3
385 314 624 404 insignes
644 362 659 387 3
683 315 852 405 longe
874 341 1019 404 quos
1039 314 1272 378 :emulus
1299 337 1463 404 optet

111 411 376 473 Ostendit
396 413 627 496 Liguri,
646 409 751 471 tibi
771 414 1034 471 cominus
1063 404 1307 496 explicat
1327 412 1553 471 Hortos
1574 434 1587 470 ε

16 508 18 513 ’
110 508 337 565 Hortos
364 496 638 563 aeternfim
655 501 862 564 virides
881 527 896 570 3
917 497 1177 563 formosa
1197 497 1415 589 capillis

16 610 18 615 '
109 599 289 683 Repit
307 594 406 656 ubi
425 589 657 655 attonsis
678 639 693 664 ,
711 589 940 655 sinuoso
967 590 1188 681 caespite
1206 614 1449 680 myrtus3

16 677 17 693 ³
108 692 366 749 Circinat
385 731 402 756 ,
425 696 481 747 &
502 708 736 774 parvam
759 708 855 774 per
877 682 1034 747 mille
1055 681 1359 747 volumina
1378 684 1610 772 Sylvam
1633 732 1645 745 .

1856 384 2037 443 *Hortus
2045 380 2199 442 florum

1875 451 1939 499 aci
1972 450 2169 497 orientem
2179 446 2198 498 .’

15 834 18 851 1
106 779 395 849 Intus,.vbi
415 782 601 840 Scenae
618 777 754 840 dant
773 774 1074 840 intervalla
1089 782 1355 849 virente3‚

16 919 17 922 η
107 875 140 932 S
189 868 304 933 arsa
323 869 464 960 quid
482 893 817 932 enumerem
835 868 1100 932 stellantis
1122 868 1341 931 lumina
1360 875 1571 959 campi,

112 968 150 1024 F
175 960 455 1025 oriferum
474 968 634 1025 vario
668 987 770 1025 ceu
790 962 970 1025 fixum
987 962 1195 1050 Sydere
1215 958 1416 1049 vulgus
1437 977 1453 1023 ἓ

113 1056 278 1134 Qid
300 1051 581 1118 celebrem
600 1053 787 1116 fontes
806 1101 822 1125 ,
843 1052 1108 1144 lususque
1128 1076 1216 1117 tot
1232 1059 1378 1117 inter
1409 1078 1686 1144 aquarum
1709 1099 1725 1125 ‚

111 1146 276 1225 Qid
294 1144 546 1236 lapidem
573 1144 857 1237 sculptum
876 1194 893 1219 ,
927 1153 1246 1236 vivumque
1265 1170 1332 1209 ex
1366 1167 1485 1209 arte
1520 1143 1820 1210 metallum
1848 1163 1865 1210 ?

109 1238 276 1318 Qid
293 1262 492 1301 nemus
512 1241 853 1328 ambiguum
880 1287 896 1311 ,
921 1237 973 1302 se
994 1237 1161 1329 seque
1182 1240 1277 1302 ubi
1296 1237 1514 1302 lumina
1536 1239 1773 1328 perdant
1790 1286 1808 1313 ,

109 1336 233 1396 Aut
258 1335 442 1393 aciem
459 1337 712 1394 crucient
730 1378 746 1402 3
766 1330 1026 1395 fraudem
1046 1336 1306 1422 ancipitis
1341 1328 1716 1419 Labyrinthi?

14 1468 16 1473 -
110 1429 207 1488 Ne
225 1421 473 1486 volitent
490 1421 645 1488 oculi
674 1448 771 1512 per
790 1421 1005 1513 singula
1024 1471 1041 1496 3
1059 1431 1227 1512 copia
1245 1422 1428 1513 pulcri

13 1534 16 1541 ’
112 1517 394 1603 Impedit:
427 1514 530 1579 heic
548 1563 564 1588 3
585 1517 714 1578 illac
737 1563 752 1588 ,
781 1513 1028 1606 quoquo
1052 1540 1268 1603 rapiare
1289 1563 1303 1587 3
1326 1522 1531 1580 teneris
1551 1563 1565 1578 .

111 1607 217 1672 Nil
241 1606 499 1697 spectasse
519 1605 671 1696 prius
690 1635 808 1672 non
828 1604 1154 1671 iuverit:illa
1175 1614 1413 1696 requiris
1436 1656 1452 1681 ,

113 1702 217 1763 Ista
237 1723 446 1763 vocant
465 1727 477 1761 ε
515 1703 909 1790 quodcunque
931 1700 1071 1788 legis
1091 1748 1105 1771 ,
1128 1702 1527 1791 quodcunque
1547 1698 1831 1793 relinquis
1853 1742 1871 1773 >

113 1798 306 1856 Maius
329 1814 638 1882 utrumque
661 1814 818 1881 putas
848 1792 1024 1855 :adeo
1046 1789 1263 1855 diversa
1281 1794 1433 1856 beati

115 1891 321 1949 Forma
341 1883 453 1947 loci
474 1891 751 1948 attonitos
787 1882 1073 1974 suspendit
1099 1885 1172 1947 ad
1191 1890 1390 1947 omnia
1406 1882 1554 1950 visus
1581 1933 1596 1948 .

211 1983 290 2039 At
307 1974 478 2038 latere
497 1976 735 2041 adverso
752 2002 911 2067 ‚quo
932 1983 1089 2042 Rura
1109 2024 1125 2048 ,
1152 1982 1435 2066 Laresque
1470 1977 1733 2043 cadendo
1877 2033 1964 2083 Ad
1988 2028 2177 2078 Occide-1

116 2066 214 2132 Sol
242 2069 396 2132 videt
413 2116 432 2141 ,
451 2068 524 2132 ab
547 2088 558 2133 ἑ
581 2067 780 2133 Miseri
799 2066 961 2159 quod
978 2095 1098 2134 non
1116 2067 1211 2132 hic
1231 2074 1421 2132 vivitis
1443 2075 1620 2134 Horti
1640 2099 1656 2143 3
1875 2113 1984 2153 tem,
2005 2057 2163 2143 peras
2179 2062 2195 2073 ”

116 2158 393 2226 Accusate
413 2161 624 2226 domos
645 2209 656 2222 .
676 2159 852 2225 Nasci
871 2159 984 2223 fine
1004 2160 1202 2225 funere
1219 2161 1404 2225 vestro
1859 2162 2147 2275 moenyuimml’ffi

1884 2249 1956 2279 ma
1973 2246 1980 2254 ’
1999 2247 2022 2276 Μ
2071 2265 2081 2276 0

1935 1040 2096 1087 Fontes
2111 1066 2124 1090 ,

1939 1105 1976 1153 S
1979 1119 1993 1151 t
2001 1114 2112 1150 aluae
2130 1127 2139 1137 ·

1858 1303 1978 1364 Lab)
1987 1296 2149 1347 rimbus
2166 1332 2176 1340 .

119 2257 265 2316 Non
290 2274 561 2342 potuere.
593 2259 784 2317 Genus
805 2253 1019 2316 lectum
1038 2301 1054 2326 2
1075 2280 1193 2317 non
1219 2261 1454 2343 cognita
1488 2253 1661 2346 longe

123 2348 394 2407 Germina
414 2393 429 2416 ‚
446 2371 550 2410 vos
569 2345 684 2410 alio
705 2371 829 2436 quae
848 2343 1011 2411 Flora
1027 2367 1261 2409 vocarat
1287 2348 1357 2410 ab
1377 2350 1558 2420 Orbe,

122 2431 256 2498 Heu
281 2454 292 2499 ε
315 2435 495 2500 modo
515 2437 756 2502 crudelis
778 2436 972 2528 sepelit
993 2437 1156 2502 labor
1173 2487 1185 2499 .
1207 2442 1483 2502 Attamen
1503 2444 1694 2503 omnis

122 2529 268 2591 Non
287 2525 416 2590 tulit
435 2529 581 2594 hanc
602 2534 788 2595 labem
808 2529 1000 2593 tellus.
1024 2533 1446 2620 Languentibus
1476 2536 1685 2597 Hortis
1703 2577 1723 2604 3

120 2623 416 2682 Servatura
433 2617 539 2684 suae
555 2629 736 2686 vitam
756 2629 1019 2686 Pomaria
1036 2632 1192 2712 genti
1212 2671 1231 2696 3

122 2715 325 2774 Saevire
346 2710 678 2802 implacidas
698 2713 844 2778 ultrzi
870 2736 1097 2778 vetuere
1117 2713 1332 2779 secures
1353 2762 1367 2777 .

127 2807 291 2884 Qin
309 2812 483 2871 etiam
501 2816 711 2875 extenti
727 2808 863 2874 fines
882 2855 899 2884 ,
928 2806 1274 2900 quaesitaque
1293 2814 1501 2900 Regna
1740 2895 1760 2962 l

958 2906 1022 2966 H
1069 2926 1104 2964 2.
1680 2899 1737 2965 A
1764 2938 1791 2953 -
