2341 3261
575 165 638 219 50

478 239 601 313 Qi
623 229 837 296 calidus
858 226 1288 303 lud0‚vicinum
1306 227 1447 296 sedit
1468 230 1537 294 ad
1558 253 1790 293 amnem
1810 275 1827 301 ,

479 325 825 414 Sedissetque
845 331 1064 388 utinam
1088 344 1101 389 ε
1123 332 1336 416 Neque
1365 324 1534 388 nandi
1570 344 1768 386 exorta
1800 319 2016 407 cupido

151 479 240 529 Ad
264 478 278 524 l
294 473 364 537 sce
395 483 439 518 tu
491 418 742 481 Sualisset
761 417 1120 507 darecorpus
1139 426 1337 507 aquis!
1366 422 1481 480 Vix
1502 415 1653 480 unda
1679 436 1974 478 natantem

152 547 218 594 lus
234 492 425 590 ιῗασιαηῖἰο
441 503 458 513 ’
493 515 775 600 Accepit,
797 532 1097 600 properate
1115 516 1211 573 citi
1231 557 1248 584 ,
1285 530 1585 600 properate
1617 504 1847 571 Sodaloe
1866 554 1884 580 ,

152 608 396 675 demersus.
497 611 653 667 Ferte
671 650 687 674 ‚
706 599 808 672 oh,
828 599 990 672 ferte,
1011 601 1281 667 inclamat
1300 650 1316 675 ,
1336 626 1513 693 opem
1533 619 1545 665 1
1566 597 1911 665 Sociailiico
1938 599 2118 686 pubes

470 692 769 760 Convolat
789 694 860 758 ad
880 702 1025 784 ripas
1047 743 1056 752 .
1083 701 1244 767 Puer,
1273 693 1386 759 heu
1411 720 1548 786 puer
1569 713 1582 757 ε
1606 695 1914 783 Improbus
1934 700 2119 756 amnis

490 794 698 851 Secum
718 784 919 856 aufert3
942 793 1180 877 rapitur,
1204 794 1441 878 rapitur,
1468 789 1598 852 date
1617 785 1886 852 bracchia
1902 806 2119 859 nante&
2169 815 2174 820 ·

494 882 599 945 Ast
624 886 739 943 iam
761 876 1054 943 infelicem
1072 903 1273 945 vortex
1302 879 1567 945 innabilis
1586 877 1779 944 haurit
1796 907 1813 950 ς

494 974 870 1062 Carnificesq·,
891 994 1093 1036 necant
1112 974 1279 1037 unda:
1297 1022 1308 1034 .
1331 971 1507 1038 Miser
1527 970 1622 1035 ille
1641 968 1938 1038 dehiscens

495 1076 700 1133 Enatat
722 1093 822 1130 ore
846 1114 861 1138 ‚
884 1088 1128 1155 oratque
1149 1064 1330 1130 oculis
1353 1114 1369 1138 ,
1401 1063 1617 1130 &lucis
1642 1089 1911 1130 amorem

495 1163 763 1227 Testatur
781 1207 798 1231 ,
826 1157 1124 1249 nolletque
1145 1166 1296 1222 mori
1315 1207 1328 1219 .
1349 1161 1456 1222 Sed
1474 1163 1703 1247 gurgite
1727 1164 1916 1223 viiius

491 1261 787 1344 Mergitur
807 1281 821 1323 3
845 1264 902 1315 &
923 1258 1115 1314 Pueris
1133 1277 1334 1315 carum
1360 1275 1533 1341 caput
1567 1252 1720 1314 unda
1739 1249 2040 1325 recondi&

495 1346 905 1435 Absorbetque
937 1369 1117 1409 vorax
1140 1372 1151 1405 :
1173 1370 1360 1434 neque
1378 1352 1579 1407 vivum
1599 1342 1769 1432 Sylva
1789 1341 1978 1408 revifit

493 1438 769 1529 Amplius
789 1487 801 1498 .
831 1437 938 1500 Oh
959 1435 1175 1501 miserae
1202 1433 1508 1501 tristissima
1527 1443 1676 1500 itura
1695 1442 1921 1501 Parenti

496 1539 758 1599 Nuntia!
780 1533 1115 1594 Turbamus
1139 1527 1490 1595 clamoribus
1507 1535 1708 1593 omnia
1735 1536 1992 1595 circum:

165 1662 353 1712 Carolus
502 1627 612 1690 Sed
631 1649 816 1715 neque
836 1621 1071 1687 surdum
1090 1623 1249 1687 audit
1267 1670 1283 1695 >
1303 1648 1406 1687 nec
1433 1621 1787 1687 inexorabile
1819 1621 2046 1686 leth-um
2074 1670 2088 1686 .

166 1730 319 1803 Emny.
358 1744 402 1779 2.
597 1722 770 1783 Unus
789 1741 943 1789 eum,
963 1714 1003 1779 s1
1021 1714 1137 1779 sors
1156 1722 1516 1806 equitantem
1536 1714 1649 1778 huc
1668 1714 1792 1780 laeta
1818 1714 2047 1791 tulisset,

161 1797 374 1923 fige?
502 1818 732 1901 Eripere
752 1810 841 1874 his
863 1807 1127 1901 potuisset
1145 1816 1308 1899 aquis
1327 1857 1343 1882 ,
1365 1821 1423 1872 &
1442 1808 1675 1872 reddere
1693 1813 1876 1872 Matri

170 1896 326 1976 vortice
341 1940 441 1990 rap.
511 1913 606 1970 CA
616 1928 809 1970 Rotus
834 1951 845 1963 .
867 1900 1076 1992 Insigni
1096 1901 1386 1966 Vercellas
1401 1910 1657 1965 cinxerat
1675 1907 1862 1973 Aice3

169 2008 257 2043 ’Μ’
274 1997 409 2056 WPit.
511 2003 849 2086 Exacstoque
867 2019 1042 2085 opere
1060 2001 1280 2084 ingenti
1301 2042 1317 2067 ‚
1336 1996 1622 2058 remeabat
1642 2000 1701 2058 in
1730 1996 1960 2058 Urbem

507 2090 877 2181 Tempestate
898 2086 1048 2151 mala
1069 2115 1080 2148 :
1101 2112 1235 2151 cum
1257 2085 1468 2151 scilicet
1496 2090 1775 2152 imbribus
1793 2096 1928 2151 attis

514 2185 811 2247 Horrebat
833 2179 1070 2244 Coelum
1090 2209 1105 2253 3
1127 2205 1229 2243 nec
1248 2179 1534 2244 habebant
1553 2179 1813 2243 Flumina
1838 2184 2003 2266 ripas·

512 2282 642 2353 Jam
661 2277 840 2339 tribus
862 2277 1060 2336 evictis
1080 2321 1094 2345 ,
1119 2296 1353 2363 quartus
1372 2297 1546 2362 quern
1577 2279 1834 2336 vinceret
1862 2319 1878 2344 ‚
1913 2275 2100 2334 amnis

511 2374 699 2433 Duria
718 2389 853 2431 erat.
874 2372 1040 2428 Ferus
1066 2372 1241 2429 intrat
1261 2391 1437 2456 equ0‚
1467 2389 1799 2455 rumpensq3
1827 2361 2148 2453 procellam

513 2460 685 2525 Altus
704 2508 720 2532 ‚
743 2482 898 2550 equo
922 2460 1229 2549 intrepidas
1249 2456 1414 2522 fimul
1441 2466 1597 2521 amni
1620 2459 1864 2521 intendit
1885 2455 2149 2521 habenas:

516 2551 839 2643 Qamque
865 2556 960 2613 Sui
982 2548 1203 2615 securus
1224 2574 1341 2614 erat
1361 2599 1377 2623 ,
1395 2572 1516 2614 tam
1558 2550 1710 2614 forte
1744 2557 1994 2614 Suorum

513 2651 675 2710 Tum
695 2644 803 2710 fuit
823 2642 917 2707 ille
934 2648 1141 2707 timens
1162 2693 1173 2705 .
1193 2651 1357 2708 Dum
1376 2641 1597 2708 sedulus
1613 2669 1720 2708 ora
1753 2661 2049 2732 retorquet
2072 2668 2087 2712 3

516 2737 806 2803 Flustibus
829 2736 1056 2800 haustus
1077 2743 1262 2827 Eques
1284 2785 1298 2807 ,
1319 2738 1532 2826 rapidis
1553 2743 1688 2800 cum
1720 2736 1991 2802 fluckibus
2015 2737 2153 2806 ibat,

515 2831 642 2896 Flos
662 2838 963 2922 Equitum,
981 2837 1270 2910 Juvenum
1290 2828 1488 2894 lumen
1508 2877 1525 2904 ,
1543 2837 1647 2921 qui
1674 2835 1878 2895 Gentis
1894 2828 2111 2894 honori

2001 2921 2199 2996 Iunxit
