2341 3261
23 163 27 173 .
1663 128 1737 176 99

83 196 325 266 Classica
350 221 487 262 curn
512 192 799 285 Zephyris
821 240 836 268 ‚
855 216 992 257 cum
1010 190 1251 259 fioribus
1286 217 1446 258 arma
1472 209 1491 258 ?
1519 191 1846 281 Theatrum

0 285 24 363 173
79 299 257 359 Verte
274 287 482 354 Thaha
498 337 516 363 ,
538 301 596 352 ὃς
622 284 1034 352 Florae-Aulam
1054 285 1290 352 Bellona
1308 286 1569 379 relinque
1590 316 1606 362 3

0 388 23 453 {ss
79 392 252 451 Extra
275 388 457 447 Tecta
475 403 685 447 vocant
703 387 886 446 Horti
909 408 920 442 ε
941 386 1100 446 iuvat
1133 388 1221 445 ire
1249 408 1263 444 ε
1291 382 1513 446 renidet

0 482 23 548 i*
82 474 366 543 Floriferae
385 473 563 565 quzim
582 474 766 539 multa
784 481 924 539 Deae
941 521 958 547 2
987 471 1170 566 queim
1185 471 1309 538 laeta
1327 471 1579 565 supellex
1603 492 1617 539 2

87 578 440 659 antaque
459 567 818 638 odoriferam
837 567 1216 632 commendat
1234 564 1425 657 gloria
1443 565 1673 659 prolem
1696 586 1710 631 ε

0 667 21 736 {f
80 661 317 753 Duplex
338 670 397 725 in
416 663 616 726 medio
635 659 874 725 Collem
894 657 1248 724 discriminat
1281 664 1482 724 Horto
1501 706 1521 734 ,

17 794 20 831 ;
86 761 276 822 Metas
295 802 312 828 ,
330 776 502 845 atque
529 761 645 817 vias
662 751 957 844 ⁴:equaliter
973 754 1179 816 ordine
1205 749 1426 815 servans

16 837 20 912 s
89 846 322 937 Sylvula
342 875 355 919 3
378 844 909 936 pulchricomaeque
930 843 1100 909 Ulmi
1121 892 1139 919 2
1159 841 1441 935 cultaeque
1469 843 1730 938 Cupressi
1746 893 1766 921 ,

90 936 413 1030 Multiplici
432 938 676 1029 longum
696 937 959 1002 ferientes
979 936 1186 1002 aethera
1213 963 1367 1001 cono
1388 984 1402 999 .

90 1031 210 1098 Hic
228 1030 388 1096 Oleae
404 1057 590 1122 neque
609 1037 890 1123 Neptuno
909 1029 1146 1094 doluere
1165 1051 1394 1094 remoto
1415 1057 1430 1102 ;

90 1130 221 1193 Nec
239 1130 435 1189 vicino
458 1123 757 1214 Aquilone
776 1130 1015 1195 timent3
1043 1121 1140 1186 sed
1172 1145 1423 1214 utroque
1453 1120 1721 1186 fruuntur

12 1261 14 1288 s
93 1224 287 1282 Invito
303 1264 315 1277 .
336 1218 615 1305 Libycam
634 1224 828 1280 Citrus
847 1242 965 1280 non
995 1213 1210 1307 quaefijt
1228 1242 1415 1289 oram,

12 1308 13 1362 Ῐ
92 1308 314 1375 Nobile
336 1307 977 1399 nactaiugumwigiles
1008 1312 1104 1374 ubi
1142 1309 1265 1373 laeta
1292 1317 1593 1373 Dracones

10 1460 13 1465 ,
94 1406 269 1467 Ridet
293 1449 307 1474 ,
330 1401 696 1494 &hesperios
717 1401 816 1467 sub
846 1408 1038 1466 amico
1061 1400 1266 1466 Alcide
1288 1410 1527 1466 timores
1547 1450 1559 1462 .

10 1506 12 1550 ἓ
98 1502 193 1560 Tu
213 1521 450 1586 quoque
471 1494 623 1558 felici
646 1522 762 1559 non
785 1519 1018 1586 parvam
1037 1501 1096 1558 in
1119 1493 1369 1559 culmine
1390 1493 1625 1558 laudem

9 1598 11 1652 J
100 1591 264 1652 Liber
286 1587 454 1652 habes
475 1637 487 1648 .
516 1590 629 1652 Sub
652 1594 970 1679 pampineae
990 1585 1349 1678 laquearibus
1370 1586 1535 1651 Aulae

8 1713 9 1720 ¹
97 1688 327 1770 Sceptra
350 1702 537 1743 tenes:
566 1684 663 1744 ubi
684 1679 848 1745 Flora
866 1703 993 1744 tuos
1016 1679 1253 1771 spatiata
1274 1706 1374 1772 per
1401 1706 1561 1744 arcus
1583 1728 1602 1754 ,

8 1793 9 1827 2
97 1779 393 1861 Victaque
414 1774 629 1855 divitijs
650 1820 665 1844 ,
684 1771 988 1864 pretiolius
1019 1774 1243 1837 invidet
1263 1798 1469 1837 aurum
1486 1820 1505 1846 ,

7 1903 9 1907 -
100 1870 300 1953 Atque
325 1865 461 1928 ostri
491 1863 748 1929 melioris
768 1891 905 1957 opes
929 1894 941 1927 :
970 1865 1472 1930 Vindemialabris

6 1955 7 1962 ἵ
101 1955 336 2021 Insultat
361 1985 373 2028 3
396 1956 762 2048 populusque
781 1961 984 2023 rubens
1003 2006 1023 2032 >-
1042 1970 1100 2022 &
1117 1957 1327 2050 pensile
1345 1964 1541 2022 nectar
1557 2003 1575 2029 ,

5 2105 6 2109 ,
102 2055 446 2137 Importuna
473 2048 663 2113 ferum
683 2074 884 2114 movet
903 2056 961 2114 in
980 2056 1191 2114 ieiunia
1211 2049 1430 2116 bellum
1448 2100 1462 2114 .

196 2142 304 2206 Sed
332 2140 449 2205 laus
471 2149 657 2231 prima
684 2141 799 2207 loci
820 2141 1059 2208 Coelum
1078 2144 1187 2207 est.
1208 2141 1324 2208 I-Iic
1345 2147 1620 2235 prodigus
1639 2142 1825 2209 imbte'

105 2232 504 2323 Intempestivzi
538 2261 658 2299 non
676 2233 867 2301 fundit
887 2241 1178 2327 Aquarius
1199 2235 1338 2302 urnzi
1356 2265 1371 2309 3

103 2329 235 2389 Nec
253 2323 395 2390 furit
415 2325 906 2393 aestiferzlvlatrator
925 2328 1083 2392 fitius
1104 2328 1204 2392 irai.

105 2422 253 2482 Non
273 2414 367 2480 hic
389 2443 556 2482 mane
576 2427 799 2512 rigens,
820 2447 925 2485 nec
944 2424 1179 2488 acerbus
1198 2418 1395 2513 vesper
1415 2448 1427 2483 ε
1447 2418 1708 2486 adultam

105 2511 364 2573 Sedimus
384 2515 445 2574 in
464 2518 699 2576 noctem
722 2542 737 2585 3
758 2512 945 2578 somni
966 2540 1103 2578 cum
1122 2512 1262 2606 saepe
1280 2535 1498 2578 teneret

107 2606 486 2668 Immemores
508 2652 524 2676 ‚
555 2607 765 2671 resonis
784 2613 1015 2671 inventa
1043 2610 1344 2673 Penatibus
1363 2605 1528 2671 Echo
1549 2655 1562 2668 .

199 2701 422 2785 Namq3
443 2699 539 2761 ubi
562 2697 828 2763 conceffae
847 2701 1013 2764 Sedes
1034 2748 1049 2774 ,
1074 2712 1132 2764 ὅε
1153 2725 1389 2763 munere
1416 2706 1649 2790 Regum
1668 2743 1686 2770 2

108 2786 424 2855 Nobilium
441 2786 594 2855 lecto
617 2789 820 2859 fulsere
849 2801 1152 2859 cacumina
1170 2799 1354 2872 Cetu3

1590 2886 1776 2947 Tran-
