2341 3261
550 185 603 236 18

453 269 712 354 Agmina
733 269 1076 354 Cycnorum
1096 312 1112 336 2
1132 264 1360 329 mundis
1381 287 1644 356 argentea
1663 261 1873 356 plumis
1893 311 1906 325 .

455 364 762 438 Qtntum
791 359 868 421 est
894 406 912 431 ‚
933 357 1094 449 quod
1113 356 1350 423 volucer
1366 359 1537 423 iudex
1558 406 1574 431 ‚
1595 355 1883 450 longeque
1900 362 2090 423 viator

453 457 704 514 Praeterit
723 453 956 515 obtutus
981 470 991 513 1
1015 455 1351 515 Nemorum
1370 473 1562 515 tamen
1582 449 1773 543 ampla
1791 457 2081 515 virentum

452 541 750 607 Nobilitas
778 590 794 615 ‚
816 549 969 606 Laris
1011 540 1213 607 excelsi
1233 541 1539 634 spectabile
1560 542 1813 609 Culmen
1832 591 1848 617 ‚

451 633 879 726 Splendidaque
912 632 1110 699 inclufi
1130 632 1302 701 facies
1321 637 1588 728 adaperta
1604 635 1844 701 Theatri
1863 683 1880 710 ‚

452 733 548 792 Sat
566 732 899 792 Dominum
917 726 1180 819 loquitur
1200 757 1212 790 :
1233 735 1523 818 Rurisque
1544 737 1600 794 in
1622 751 1780 821 parte
1799 725 2036 820 patescit

453 825 686 910 Magnae
708 824 907 884 Gentis
928 820 1117 885 honos
1136 870 1149 883 .
1173 827 1557 912 Qamquam
1576 847 1710 887 cura
1727 819 1898 887 altior
1917 818 1999 886 illi
2019 867 2038 894 ‚

454 912 746 976 Omandis
767 962 782 986 ‚
804 913 981 1005 quam
1000 939 1125 1005 quae
1142 936 1368 1006 tempus
1388 915 1718 981 concesserit
1751 920 1959 980 Hortis
1978 960 1991 974 .

453 1011 511 1068 Si
531 1031 649 1069 non
667 1003 904 1070 illustres
940 1013 999 1071 in
1017 1014 1201 1072 maius
1221 1010 1454 1073 adauxit
1486 1007 1741 1073 honores
1761 1034 1777 1079 3

454 1098 728 1160 Vestrum
747 1105 965 1164 crimen
986 1107 1092 1164 erit
1111 1149 1125 1172 ,
1147 1125 1273 1192 quae
1292 1099 1511 1194 semper
1530 1102 1784 1166 Ruribus
1819 1098 1945 1164 estis

455 1189 761 1256 Invidiosae
795 1191 959 1258 Aulae
979 1221 991 1255 t
1015 1206 1073 1258 &
1093 1201 1327 1283 Regum
1345 1195 1615 1260 mandata
1634 1215 1942 1286 potentum
1961 1240 1980 1267 ,

454 1286 656 1373 Atque
676 1282 890 1349 Virum
907 1293 1085 1350 virtus
1106 1285 1404 1379 culpabilis
1425 1337 1438 1350 .
1475 1285 1575 1352 Illa
1593 1286 1768 1352 latere

453 1374 668 1441 Nescia
685 1425 703 1450 ,
723 1374 869 1442 ferre
890 1404 1066 1471 capax
1084 1405 1429 1471 magnarum
1449 1382 1706 1472 pondera
1726 1404 1919 1445 rerum
1935 1427 1956 1454 ,

455 1474 601 1533 Otia
619 1495 737 1534 non
759 1468 940 1562 speret
960 1501 974 1543 3
996 1500 1116 1538 non
1135 1471 1311 1564 longa
1331 1479 1389 1538 in
1407 1480 1567 1541 Rure
1587 1479 1789 1565 quieto

457 1562 685 1626 Gaudia
704 1610 716 1623 .
739 1562 1051 1629 Clarorum
1070 1564 1301 1656 effigieS,
1321 1574 1802 1657 monimentaque
1821 1569 2093 1631 Auorum

459 1651 716 1718 Consule
735 1684 749 1729 3
770 1663 1031 1749 Supremi
1051 1666 1281 1724 venient
1299 1666 1355 1724 in
1375 1686 1513 1753 pace
1533 1662 1783 1724 Ministri
1802 1707 1820 1733 ,

457 1753 842 1841 Supremique
862 1757 1053 1816 Duces
1072 1750 1226 1817 bello
1249 1780 1262 1814 ε
1284 1758 1549 1818 Mentem
1582 1755 1854 1818 omnibus
1874 1776 2051 1816 unam

457 1846 835 1931 Spernentem
853 1845 1087 1909 modica
1106 1893 1122 1918 ‚
1144 1857 1202 1909 &
1223 1843 1504 1937 nusquam
1523 1844 1624 1909 nili
1645 1844 1868 1909 summa
1900 1866 2193 1935 petentem
2212 1873 2227 1917 3

458 1934 795 2025 Vividaque
814 1941 1043 2025 ingenia
1069 1985 1086 2010 ,
1121 1960 1294 2029 atque
1330 1945 1588 2003 interrita
1609 1943 1845 2030 peetom
1873 1963 2096 2002 cernes:

463 2030 635 2105 Qos
658 2025 905 2118 spectata
924 2028 1061 2094 fides
1083 2077 1097 2102 ,
1120 2043 1176 2094 &
1201 2032 1376 2095 robur
1395 2033 1466 2096 ad
1501 2034 1676 2095 ardua
1695 2054 1895 2094 natum
1914 2077 1930 2103 ,

460 2124 684 2183 Omnia
703 2119 1069 2185 summorum
1086 2148 1187 2214 per
1208 2120 1460 2189 culmina
1479 2131 1636 2189 vexit
1657 2122 1954 2188 honorum
1976 2174 1987 2185 .

550 2218 682 2277 Hac
702 2211 980 2305 fugiente,
1000 2238 1170 2306 caput
1188 2222 1418 2281 Domus
1436 2215 1788 2282 admirabilis
1809 2213 1969 2279 effert
1990 2264 2005 2288 ,

126 2294 250 2344 lea
277 2292 392 2344 5⁴¹⁸·
460 2310 846 2393 Sangermana
865 2314 1094 2372 Domus
1115 2357 1126 2368 .
1147 2314 1457 2376 Variarum
1476 2316 1651 2374 Scena
1686 2311 2006 2374 domorum

119 2379 333 2426 germana
349 2400 361 2414 .

463 2396 734 2486 Fulgurat
752 2447 764 2461 .
801 2405 844 2464 E
864 2401 1063 2465 medio
1097 2397 1280 2466 Vallis
1299 2452 1316 2477 ‚
1351 2400 1683 2468 conscendit
1702 2408 1763 2467 in
1782 2398 1965 2465 altum

472 2489 762 2556 Culminis
781 2539 798 2565 ,
835 2504 893 2558 &
930 2492 1167 2559 Collem
1199 2497 1471 2562 irradians
1506 2493 1796 2560 illuminat
1828 2519 2071 2559 omnem
2087 2540 2100 2554 .

472 2590 559 2648 Ire
579 2609 744 2648 amor
763 2584 841 2648 est
859 2633 871 2645 .
907 2591 1106 2652 Errare
1125 2586 1265 2653 libet
1284 2637 1300 2662 ,
1320 2590 1601 2655 divertere
1620 2585 1796 2680 paulo

471 2673 727 2766 Longius
747 2723 762 2750 ,
783 2675 1130 2771 aspecituque
1149 2679 1265 2745 loci
1284 2687 1561 2774 propiore
1577 2684 1734 2746 beari
1753 2729 1769 2742 .

469 2775 665 2833 Dueca
684 2767 946 2837 theatrali
966 2799 1066 2866 per
1085 2799 1298 2864 gyrum
1315 2773 1587 2838 machina
1604 2773 1755 2837 flexu

468 2859 787 2928 Nobilibus
810 2873 955 2933 curis
976 2914 995 2944 ,
1015 2879 1074 2935 ὃς
1095 2892 1274 2935 raucae
1290 2867 1557 2934 fluetibus
1577 2864 1729 2948 Aule

1788 2963 2007 3023 Laetum
