<?xml version="1.0" encoding="UTF-8"?>
<!DOCTYPE html PUBLIC "-//W3C//DTD XHTML 1.0 Transitional//EN"
    "http://www.w3.org/TR/xhtml1/DTD/xhtml1-transitional.dtd">
<html xmlns="http://www.w3.org/1999/xhtml" xml:lang="en" lang="en">
 <head>
  <title>
</title>
<meta http-equiv="Content-Type" content="text/html;charset=utf-8" />
  <meta name='ocr-system' content='tesseract 3.04.00' />
  <meta name='ocr-capabilities' content='ocr_page ocr_carea ocr_par ocr_line ocrx_word'/>
</head>
<body>
  <div class='ocr_page' id='page_1' title='image "./regiaevillaepoet00audi_0220.png"; bbox 0 0 2341 3261; ppageno 0'>
   <div class='ocr_carea' id='block_1_1' title="bbox 505 133 2207 1594">
    <p class='ocr_par' dir='ltr' id='par_1_1' title="bbox 600 133 696 202">
     <span class='ocr_line' id='line_1_1' title="bbox 600 133 696 202; baseline 0 -17"><span class='ocrx_word' id='word_1_1' title='bbox 600 133 696 202; x_wconf 83' lang='lat'><strong>178</strong></span> 
     </span>
    </p>

    <p class='ocr_par' dir='ltr' id='par_1_2' title="bbox 505 214 2207 397">
     <span class='ocr_line' id='line_1_2' title="bbox 505 214 2207 317; baseline -0.001 -38"><span class='ocrx_word' id='word_1_2' title='bbox 505 221 683 295; x_wconf 78' lang='lat' dir='ltr'>Qae</span> <span class='ocrx_word' id='word_1_3' title='bbox 689 215 827 279; x_wconf 86' lang='lat' dir='ltr'>Tibi</span> <span class='ocrx_word' id='word_1_4' title='bbox 857 215 1133 277; x_wconf 86' lang='lat' dir='ltr'><strong>GUIDO</strong></span> <span class='ocrx_word' id='word_1_5' title='bbox 1154 215 1337 274; x_wconf 86' lang='lat' dir='ltr'><strong>notis</strong></span> <span class='ocrx_word' id='word_1_6' title='bbox 1323 214 1505 301; x_wconf 83' lang='lat' dir='ltr'><strong>aperit</strong></span> <span class='ocrx_word' id='word_1_7' title='bbox 1523 214 1886 275; x_wconf 80' lang='lat' dir='ltr'><strong>monimenta</strong></span> <span class='ocrx_word' id='word_1_8' title='bbox 1925 216 2202 317; x_wconf 61' lang='lat' dir='ltr'><strong>cruentis</strong></span> <span class='ocrx_word' id='word_1_9' title='bbox 2190 257 2207 284; x_wconf 81' lang='lat'><em>,</em></span> 
     </span>
     <span class='ocr_line' id='line_1_3' title="bbox 602 301 1839 397; baseline -0.006 -25"><span class='ocrx_word' id='word_1_10' title='bbox 602 306 862 397; x_wconf 83' lang='lat' dir='ltr'>Explicat</span> <span class='ocrx_word' id='word_1_11' title='bbox 881 319 938 370; x_wconf 74' lang='grc' dir='ltr'><strong>δε</strong></span> <span class='ocrx_word' id='word_1_12' title='bbox 958 306 1234 369; x_wconf 84' lang='lat' dir='ltr'>membris</span> <span class='ocrx_word' id='word_1_13' title='bbox 1254 312 1386 367; x_wconf 85' lang='lat' dir='ltr'><strong>viva</strong></span> <span class='ocrx_word' id='word_1_14' title='bbox 1405 302 1661 395; x_wconf 65' lang='lat' dir='ltr'><strong>trophaea</strong></span> <span class='ocrx_word' id='word_1_15' title='bbox 1694 301 1839 376; x_wconf 80' lang='lat' dir='ltr'><strong>suis,</strong></span> 
     </span>
    </p>

    <p class='ocr_par' dir='ltr' id='par_1_3' title="bbox 505 394 1965 558">
     <span class='ocr_line' id='line_1_4' title="bbox 505 394 1965 491; baseline -0.003 -25"><span class='ocrx_word' id='word_1_16' title='bbox 505 399 773 491; x_wconf 84' lang='lat' dir='ltr'><strong>Perlege:</strong></span> <span class='ocrx_word' id='word_1_17' title='bbox 799 401 1005 464; x_wconf 86' lang='lat' dir='ltr'><strong>dextro</strong></span> <span class='ocrx_word' id='word_1_18' title='bbox 1031 394 1188 461; x_wconf 68' lang='lat' dir='ltr'><strong>haesit</strong></span> <span class='ocrx_word' id='word_1_19' title='bbox 1207 422 1334 488; x_wconf 85' lang='lat' dir='ltr'><strong>quae</strong></span> <span class='ocrx_word' id='word_1_20' title='bbox 1351 397 1461 461; x_wconf 85' lang='lat' dir='ltr'><strong>fixa</strong></span> <span class='ocrx_word' id='word_1_21' title='bbox 1480 403 1696 487; x_wconf 82' lang='lat' dir='ltr'>Sagitta</span> <span class='ocrx_word' id='word_1_22' title='bbox 1712 394 1927 464; x_wconf 79' lang='lat' dir='ltr'><strong>lacerto</strong></span> <span class='ocrx_word' id='word_1_23' title='bbox 1944 446 1965 474; x_wconf 89' lang='lat'><em>,</em></span> 
     </span>
     <span class='ocr_line' id='line_1_5' title="bbox 603 491 1840 558; baseline -0.002 0"><span class='ocrx_word' id='word_1_24' title='bbox 603 494 916 558; x_wconf 86' lang='lat' dir='ltr'><strong>Gestorum</strong></span> <span class='ocrx_word' id='word_1_25' title='bbox 933 512 1064 556; x_wconf 89' lang='lat' dir='ltr'><strong>ante</strong></span> <span class='ocrx_word' id='word_1_26' title='bbox 1084 491 1255 556; x_wconf 83' lang='lat' dir='ltr'>Budae</span> <span class='ocrx_word' id='word_1_27' title='bbox 1275 496 1502 556; x_wconf 82' lang='lat' dir='ltr'><strong>Moenia</strong></span> <span class='ocrx_word' id='word_1_28' title='bbox 1520 491 1671 555; x_wconf 87' lang='lat' dir='ltr'><strong>testis</strong></span> <span class='ocrx_word' id='word_1_29' title='bbox 1700 498 1840 555; x_wconf 88' lang='lat' dir='ltr'><strong>erit.</strong></span> 
     </span>
    </p>

    <p class='ocr_par' dir='ltr' id='par_1_4' title="bbox 505 582 2126 770">
     <span class='ocr_line' id='line_1_6' title="bbox 505 582 2126 677; baseline -0.002 -23"><span class='ocrx_word' id='word_1_30' title='bbox 505 585 867 654; x_wconf 84' lang='lat' dir='ltr'><strong>Nechelium</strong></span> <span class='ocrx_word' id='word_1_31' title='bbox 884 586 1204 677; x_wconf 85' lang='lat' dir='ltr'><strong>obstupuit,</strong></span> <span class='ocrx_word' id='word_1_32' title='bbox 1226 609 1378 677; x_wconf 82' lang='lat' dir='ltr'>quos</span> <span class='ocrx_word' id='word_1_33' title='bbox 1407 597 1465 650; x_wconf 68' lang='grc' dir='ltr'><strong>ὃς</strong></span> <span class='ocrx_word' id='word_1_34' title='bbox 1485 590 1684 651; x_wconf 83' lang='lat' dir='ltr'><strong>Graeca</strong></span> <span class='ocrx_word' id='word_1_35' title='bbox 1707 584 1858 650; x_wconf 86' lang='lat' dir='ltr'><strong>Alba</strong></span> <span class='ocrx_word' id='word_1_36' title='bbox 1879 582 2126 662; x_wconf 72' lang='lat' dir='ltr'><strong>laboreS,</strong></span> 
     </span>
     <span class='ocr_line' id='line_1_7' title="bbox 603 677 1805 770; baseline -0.002 -25"><span class='ocrx_word' id='word_1_37' title='bbox 603 677 851 770; x_wconf 85' lang='lat' dir='ltr'><strong>Plagifer</strong></span> <span class='ocrx_word' id='word_1_38' title='bbox 870 686 930 745; x_wconf 87' lang='lat' dir='ltr'><strong>in</strong></span> <span class='ocrx_word' id='word_1_39' title='bbox 961 701 1094 744; x_wconf 90' lang='lat' dir='ltr'><strong>toto</strong></span> <span class='ocrx_word' id='word_1_40' title='bbox 1115 685 1348 744; x_wconf 89' lang='lat' dir='ltr'><strong>Vertice</strong></span> <span class='ocrx_word' id='word_1_41' title='bbox 1369 701 1555 744; x_wconf 84' lang='lat' dir='ltr'><strong>narrat</strong></span> <span class='ocrx_word' id='word_1_42' title='bbox 1575 678 1773 745; x_wconf 89' lang='lat' dir='ltr'><strong>honor</strong></span> <span class='ocrx_word' id='word_1_43' title='bbox 1791 727 1805 742; x_wconf 90' lang='lat'><strong>.</strong></span> 
     </span>
    </p>

    <p class='ocr_par' dir='ltr' id='par_1_5' title="bbox 505 770 1939 958">
     <span class='ocr_line' id='line_1_8' title="bbox 505 770 1939 865; baseline -0.001 -27"><span class='ocrx_word' id='word_1_44' title='bbox 505 771 964 860; x_wconf 84' lang='lat' dir='ltr'><strong>Salanchemenij</strong></span> <span class='ocrx_word' id='word_1_45' title='bbox 990 770 1166 837; x_wconf 88' lang='lat' dir='ltr'><strong>fuerit</strong></span> <span class='ocrx_word' id='word_1_46' title='bbox 1187 797 1313 862; x_wconf 82' lang='lat' dir='ltr'><strong>pars</strong></span> <span class='ocrx_word' id='word_1_47' title='bbox 1336 794 1553 864; x_wconf 88' lang='lat' dir='ltr'><strong>quanta</strong></span> <span class='ocrx_word' id='word_1_48' title='bbox 1584 770 1939 865; x_wconf 85' lang='lat' dir='ltr'><strong>Triumphi;</strong></span> 
     </span>
     <span class='ocr_line' id='line_1_9' title="bbox 607 865 1877 958; baseline -0.002 -28"><span class='ocrx_word' id='word_1_49' title='bbox 607 873 805 932; x_wconf 58' lang='lat' dir='ltr'><strong>Pectus</strong></span> <span class='ocrx_word' id='word_1_50' title='bbox 828 866 991 930; x_wconf 80' lang='lat' dir='ltr'><strong>hians</strong></span> <span class='ocrx_word' id='word_1_51' title='bbox 1010 914 1026 939; x_wconf 92' lang='grc'>,</span> <span class='ocrx_word' id='word_1_52' title='bbox 1047 865 1250 958; x_wconf 83' lang='lat' dir='ltr'><strong>amplo</strong></span> <span class='ocrx_word' id='word_1_53' title='bbox 1269 865 1519 931; x_wconf 86' lang='lat' dir='ltr'><strong>vulneris</strong></span> <span class='ocrx_word' id='word_1_54' title='bbox 1540 891 1643 931; x_wconf 86' lang='lat' dir='ltr'><strong>ore</strong></span> <span class='ocrx_word' id='word_1_55' title='bbox 1672 865 1844 931; x_wconf 85' lang='lat' dir='ltr'><strong>refert</strong></span> <span class='ocrx_word' id='word_1_56' title='bbox 1863 914 1877 927; x_wconf 92' lang='lat'><strong>.</strong></span> 
     </span>
    </p>

    <p class='ocr_par' dir='ltr' id='par_1_6' title="bbox 505 958 2134 1146">
     <span class='ocr_line' id='line_1_10' title="bbox 505 958 2134 1036; baseline -0.001 -10"><span class='ocrx_word' id='word_1_57' title='bbox 505 960 819 1034; x_wconf 77' lang='lat' dir='ltr'><strong>Bracchia,</strong></span> <span class='ocrx_word' id='word_1_58' title='bbox 838 985 1020 1032; x_wconf 88' lang='lat' dir='ltr'><strong>crura,</strong></span> <span class='ocrx_word' id='word_1_59' title='bbox 1040 959 1219 1034; x_wconf 80' lang='grc' dir='ltr'>13ω3,</span> <span class='ocrx_word' id='word_1_60' title='bbox 1247 960 1523 1026; x_wconf 88' lang='lat' dir='ltr'><strong>decorans</strong></span> <span class='ocrx_word' id='word_1_61' title='bbox 1543 958 1848 1026; x_wconf 83' lang='lat' dir='ltr'><strong>numerosa</strong></span> <span class='ocrx_word' id='word_1_62' title='bbox 1874 963 2134 1036; x_wconf 83' lang='lat' dir='ltr'><strong>cicatrix,</strong></span> 
     </span>
     <span class='ocr_line' id='line_1_11' title="bbox 604 1053 1851 1146; baseline 0.002 -30"><span class='ocrx_word' id='word_1_63' title='bbox 604 1060 779 1145; x_wconf 87' lang='lat' dir='ltr'><strong>Signa</strong></span> <span class='ocrx_word' id='word_1_64' title='bbox 811 1053 1181 1146; x_wconf 77' lang='lat' dir='ltr'><strong>triumphata:</strong></span> <span class='ocrx_word' id='word_1_65' title='bbox 1207 1063 1428 1120; x_wconf 87' lang='lat' dir='ltr'><strong>murice</strong></span> <span class='ocrx_word' id='word_1_66' title='bbox 1456 1061 1634 1121; x_wconf 49' lang='lat' dir='ltr'><strong>tincta</strong></span> <span class='ocrx_word' id='word_1_67' title='bbox 1662 1061 1815 1121; x_wconf 89' lang='lat' dir='ltr'><strong>necis</strong></span> <span class='ocrx_word' id='word_1_68' title='bbox 1833 1102 1851 1128; x_wconf 90' lang='lat'>‚</span> 
     </span>
    </p>

    <p class='ocr_par' dir='ltr' id='par_1_7' title="bbox 510 1145 1990 1332">
     <span class='ocr_line' id='line_1_12' title="bbox 510 1145 1990 1241; baseline -0.001 -27"><span class='ocrx_word' id='word_1_69' title='bbox 510 1152 753 1221; x_wconf 86' lang='lat' dir='ltr'><strong>Dravo,</strong></span> <span class='ocrx_word' id='word_1_70' title='bbox 782 1148 924 1212; x_wconf 87' lang='lat' dir='ltr'><strong>Istro</strong></span> <span class='ocrx_word' id='word_1_71' title='bbox 944 1170 1310 1221; x_wconf 84' lang='lat' dir='ltr'><strong>memorant,</strong></span> <span class='ocrx_word' id='word_1_72' title='bbox 1330 1161 1388 1214; x_wconf 66' lang='grc' dir='ltr'><strong>ὃς</strong></span> <span class='ocrx_word' id='word_1_73' title='bbox 1410 1147 1729 1241; x_wconf 59' lang='lat' dir='ltr'><strong>spectatore</strong></span> <span class='ocrx_word' id='word_1_74' title='bbox 1747 1145 1990 1215; x_wconf 87' lang='lat' dir='ltr'><strong>Tibisco</strong></span> 
     </span>
     <span class='ocr_line' id='line_1_13' title="bbox 607 1238 1749 1332; baseline 0.001 -27"><span class='ocrx_word' id='word_1_75' title='bbox 607 1245 732 1305; x_wconf 87' lang='lat' dir='ltr'><strong>Tot</strong></span> <span class='ocrx_word' id='word_1_76' title='bbox 754 1238 958 1332; x_wconf 83' lang='lat' dir='ltr'><strong>palmis</strong></span> <span class='ocrx_word' id='word_1_77' title='bbox 982 1239 1164 1304; x_wconf 87' lang='lat' dir='ltr'><strong>nullas</strong></span> <span class='ocrx_word' id='word_1_78' title='bbox 1191 1240 1289 1306; x_wconf 91' lang='lat' dir='ltr'><strong>illa</strong></span> <span class='ocrx_word' id='word_1_79' title='bbox 1316 1242 1500 1307; x_wconf 88' lang='lat' dir='ltr'><strong>tulisse</strong></span> <span class='ocrx_word' id='word_1_80' title='bbox 1527 1268 1749 1309; x_wconf 87' lang='lat' dir='ltr'><strong>moras.</strong></span> 
     </span>
    </p>

    <p class='ocr_par' dir='ltr' id='par_1_8' title="bbox 514 1332 1994 1519">
     <span class='ocr_line' id='line_1_14' title="bbox 514 1332 1994 1409; baseline 0.001 -10"><span class='ocrx_word' id='word_1_81' title='bbox 514 1335 780 1400; x_wconf 86' lang='lat' dir='ltr'><strong>Historia</strong></span> <span class='ocrx_word' id='word_1_82' title='bbox 800 1333 922 1399; x_wconf 82' lang='lat' dir='ltr'><strong>haec</strong></span> <span class='ocrx_word' id='word_1_83' title='bbox 937 1341 1171 1408; x_wconf 79' lang='lat' dir='ltr'><strong>vivenS‚</strong></span> <span class='ocrx_word' id='word_1_84' title='bbox 1192 1333 1313 1399; x_wconf 81' lang='lat' dir='ltr'><strong>haec</strong></span> <span class='ocrx_word' id='word_1_85' title='bbox 1347 1341 1793 1400; x_wconf 84' lang='lat' dir='ltr'><strong>Commentaria</strong></span> <span class='ocrx_word' id='word_1_86' title='bbox 1816 1332 1994 1409; x_wconf 84' lang='lat' dir='ltr'><strong>belli,</strong></span> 
     </span>
     <span class='ocr_line' id='line_1_15' title="bbox 611 1425 1759 1519; baseline -0.003 -27"><span class='ocrx_word' id='word_1_87' title='bbox 611 1425 933 1519; x_wconf 53' lang='lat' dir='ltr'><strong>Sanguine&amp;</strong></span> <span class='ocrx_word' id='word_1_88' title='bbox 953 1450 1180 1518; x_wconf 87' lang='lat' dir='ltr'><strong>pateant</strong></span> <span class='ocrx_word' id='word_1_89' title='bbox 1208 1426 1334 1492; x_wconf 87' lang='lat' dir='ltr'><strong>luce</strong></span> <span class='ocrx_word' id='word_1_90' title='bbox 1353 1426 1594 1518; x_wconf 83' lang='lat' dir='ltr'><strong>legenda</strong></span> <span class='ocrx_word' id='word_1_91' title='bbox 1622 1429 1721 1493; x_wconf 85' lang='lat' dir='ltr'><strong>diu</strong></span> <span class='ocrx_word' id='word_1_92' title='bbox 1746 1455 1759 1489; x_wconf 74' lang='grc' dir='ltr'><strong><em>ε</em></strong></span> 
     </span>
    </p>

    <p class='ocr_par' dir='ltr' id='par_1_9' title="bbox 518 1520 1962 1594">
     <span class='ocr_line' id='line_1_16' title="bbox 518 1520 1962 1594; baseline -0.003 -7"><span class='ocrx_word' id='word_1_93' title='bbox 518 1526 717 1587; x_wconf 83' lang='lat' dir='ltr'><strong>Graeca</strong></span> <span class='ocrx_word' id='word_1_94' title='bbox 736 1546 840 1585; x_wconf 88' lang='lat' dir='ltr'><strong>nec</strong></span> <span class='ocrx_word' id='word_1_95' title='bbox 860 1522 1100 1585; x_wconf 87' lang='lat' dir='ltr'><strong>edoceat</strong></span> <span class='ocrx_word' id='word_1_96' title='bbox 1118 1569 1136 1594; x_wconf 86' lang='lat'>,</span> <span class='ocrx_word' id='word_1_97' title='bbox 1157 1547 1260 1585; x_wconf 90' lang='lat' dir='ltr'><strong>nec</strong></span> <span class='ocrx_word' id='word_1_98' title='bbox 1277 1527 1365 1584; x_wconf 90' lang='lat' dir='ltr'><strong>Te</strong></span> <span class='ocrx_word' id='word_1_99' title='bbox 1384 1527 1655 1586; x_wconf 86' lang='lat' dir='ltr'><strong>Romana</strong></span> <span class='ocrx_word' id='word_1_100' title='bbox 1683 1520 1927 1585; x_wconf 84' lang='lat' dir='ltr'><strong>vetustas</strong></span> <span class='ocrx_word' id='word_1_101' title='bbox 1947 1547 1962 1583; x_wconf 71' lang='grc' dir='ltr'>ε</span> 
     </span>
    </p>
   </div>
   <div class='ocr_carea' id='block_1_2' title="bbox 610 1614 1857 1690">
    <p class='ocr_par' dir='ltr' id='par_1_10' title="bbox 610 1614 1857 1690">
     <span class='ocr_line' id='line_1_17' title="bbox 610 1614 1857 1690; baseline -0.004 -9"><span class='ocrx_word' id='word_1_102' title='bbox 610 1622 726 1681; x_wconf 84' lang='lat' dir='ltr'><strong>Cui</strong></span> <span class='ocrx_word' id='word_1_103' title='bbox 745 1614 986 1690; x_wconf 80' lang='lat' dir='ltr'><strong>studeas,</strong></span> <span class='ocrx_word' id='word_1_104' title='bbox 1003 1621 1175 1680; x_wconf 85' lang='lat' dir='ltr'><strong>Unus</strong></span> <span class='ocrx_word' id='word_1_105' title='bbox 1193 1614 1260 1681; x_wconf 82' lang='lat' dir='ltr'><strong>sit</strong></span> <span class='ocrx_word' id='word_1_106' title='bbox 1277 1619 1439 1690; x_wconf 79' lang='lat' dir='ltr'><strong>Tibi,</strong></span> <span class='ocrx_word' id='word_1_107' title='bbox 1460 1614 1662 1680; x_wconf 76' lang='lat' dir='ltr'><strong>Guido</strong></span> <span class='ocrx_word' id='word_1_108' title='bbox 1681 1614 1822 1679; x_wconf 90' lang='lat' dir='ltr'><strong>liber</strong></span> <span class='ocrx_word' id='word_1_109' title='bbox 1842 1661 1857 1676; x_wconf 91' lang='lat'>.</span> 
     </span>
    </p>
   </div>
   <div class='ocr_carea' id='block_1_3' title="bbox 657 1776 2134 2055">
    <p class='ocr_par' dir='ltr' id='par_1_11' title="bbox 657 1776 2134 2055">
     <span class='ocr_line' id='line_1_18' title="bbox 677 1776 2119 1843; baseline -0.003 -2"><span class='ocrx_word' id='word_1_110' title='bbox 677 1780 1169 1843; x_wconf 80' lang='lat' dir='ltr'><strong>LUDOVICUS</strong></span> <span class='ocrx_word' id='word_1_111' title='bbox 1214 1778 1693 1841; x_wconf 84' lang='lat' dir='ltr'>BORBONIUS</span> <span class='ocrx_word' id='word_1_112' title='bbox 1739 1776 2119 1840; x_wconf 78' lang='lat' dir='ltr'>PRINCEPS</span> 
     </span>
     <span class='ocr_line' id='line_1_19' title="bbox 1169 1874 1600 1934; baseline -0.007 0"><span class='ocrx_word' id='word_1_113' title='bbox 1169 1874 1600 1934; x_wconf 80' lang='lat' dir='ltr'>CONDAEUS</span> 
     </span>
     <span class='ocr_line' id='line_1_20' title="bbox 657 1958 2134 2055; baseline -0.002 -27"><span class='ocrx_word' id='word_1_114' title='bbox 657 1961 827 2035; x_wconf 80' lang='lat' dir='ltr'><em>Rheni</em></span> <span class='ocrx_word' id='word_1_115' title='bbox 846 1973 902 2027; x_wconf 86' lang='lat' dir='ltr'><strong>in</strong></span> <span class='ocrx_word' id='word_1_116' title='bbox 918 1967 1133 2049; x_wconf 82' lang='lat' dir='ltr'><strong>transitu</strong></span> <span class='ocrx_word' id='word_1_117' title='bbox 1143 1986 1378 2055; x_wconf 81' lang='lat' dir='ltr'><strong>pugnans</strong></span> <span class='ocrx_word' id='word_1_118' title='bbox 1397 2010 1415 2037; x_wconf 85' lang='lat'>,</span> <span class='ocrx_word' id='word_1_119' title='bbox 1427 1964 1640 2051; x_wconf 75' lang='lat' dir='ltr'><strong>stmstra</strong></span> <span class='ocrx_word' id='word_1_120' title='bbox 1662 1958 2103 2054; x_wconf 69' lang='lat' dir='ltr'><strong>manuſszuciatur</strong></span> <span class='ocrx_word' id='word_1_121' title='bbox 2117 2005 2134 2025; x_wconf 89' lang='lat'>.</span> 
     </span>
    </p>
   </div>
   <div class='ocr_carea' id='block_1_4' title="bbox 783 2124 1996 2189">
    <p class='ocr_par' dir='ltr' id='par_1_12' title="bbox 783 2124 1996 2189">
     <span class='ocr_line' id='line_1_21' title="bbox 783 2124 1996 2189; baseline -0.004 -2"><span class='ocrx_word' id='word_1_122' title='bbox 783 2124 1699 2189; x_wconf 83' lang='lat' dir='ltr'>EPIGRAMMA.</span> <span class='ocrx_word' id='word_1_123' title='bbox 1797 2125 1996 2188; x_wconf 87' lang='lat' dir='ltr'><strong>XXII.</strong></span> 
     </span>
    </p>
   </div>
   <div class='ocr_carea' id='block_1_5' title="bbox 518 2268 2231 2831">
    <p class='ocr_par' dir='ltr' id='par_1_13' title="bbox 518 2268 2231 2449">
     <span class='ocr_line' id='line_1_22' title="bbox 518 2268 2231 2424; baseline -0.002 -87"><span class='ocrx_word' id='word_1_124' title='bbox 518 2289 639 2424; x_wconf 78' lang='lat' dir='ltr'>B</span> <span class='ocrx_word' id='word_1_125' title='bbox 661 2273 931 2337; x_wconf 67' lang='lat' dir='ltr'><strong>Othonia</strong></span> <span class='ocrx_word' id='word_1_126' title='bbox 958 2275 1017 2335; x_wconf 85' lang='lat' dir='ltr'><strong>in</strong></span> <span class='ocrx_word' id='word_1_127' title='bbox 1033 2271 1266 2336; x_wconf 77' lang='lat' dir='ltr'><strong>batavas</strong></span> <span class='ocrx_word' id='word_1_128' title='bbox 1305 2270 1447 2336; x_wconf 86' lang='lat' dir='ltr'><strong>dum</strong></span> <span class='ocrx_word' id='word_1_129' title='bbox 1477 2288 1696 2361; x_wconf 86' lang='lat' dir='ltr'>pugnat</span> <span class='ocrx_word' id='word_1_130' title='bbox 1728 2268 1961 2335; x_wconf 84' lang='lat' dir='ltr'><strong>dextera</strong></span> <span class='ocrx_word' id='word_1_131' title='bbox 1979 2287 2231 2344; x_wconf 85' lang='lat' dir='ltr'><strong>turmas;</strong></span> 
     </span>
     <span class='ocr_line' id='line_1_23' title="bbox 740 2364 2231 2449; baseline 0 -19"><span class='ocrx_word' id='word_1_132' title='bbox 740 2371 955 2430; x_wconf 78' lang='lat' dir='ltr'><strong>Omnis</strong></span> <span class='ocrx_word' id='word_1_133' title='bbox 984 2373 1042 2428; x_wconf 87' lang='lat' dir='ltr'><strong>in</strong></span> <span class='ocrx_word' id='word_1_134' title='bbox 1066 2364 1213 2429; x_wconf 76' lang='lat' dir='ltr'><strong>hanc</strong></span> <span class='ocrx_word' id='word_1_135' title='bbox 1231 2371 1514 2429; x_wconf 85' lang='lat' dir='ltr'><strong>Dextram</strong></span> <span class='ocrx_word' id='word_1_136' title='bbox 1532 2412 1550 2438; x_wconf 85' lang='lat'>,</span> <span class='ocrx_word' id='word_1_137' title='bbox 1569 2369 1789 2427; x_wconf 85' lang='lat' dir='ltr'><strong>Dextra</strong></span> <span class='ocrx_word' id='word_1_138' title='bbox 1814 2369 2056 2430; x_wconf 87' lang='lat' dir='ltr'><strong>inimica</strong></span> <span class='ocrx_word' id='word_1_139' title='bbox 2080 2368 2231 2449; x_wconf 60' lang='lat' dir='ltr'><strong>ruitg</strong></span> 
     </span>
    </p>

    <p class='ocr_par' dir='ltr' id='par_1_14' title="bbox 520 2453 2058 2635">
     <span class='ocr_line' id='line_1_24' title="bbox 520 2453 2058 2547; baseline -0.003 -21"><span class='ocrx_word' id='word_1_140' title='bbox 520 2467 645 2526; x_wconf 84' lang='lat' dir='ltr'><strong>Cur</strong></span> <span class='ocrx_word' id='word_1_141' title='bbox 668 2466 893 2524; x_wconf 78' lang='lat' dir='ltr'><strong>Laevam</strong></span> <span class='ocrx_word' id='word_1_142' title='bbox 911 2458 1044 2522; x_wconf 67' lang='lat' dir='ltr'><strong>inde</strong></span> <span class='ocrx_word' id='word_1_143' title='bbox 1065 2454 1231 2522; x_wconf 83' lang='lat' dir='ltr'><strong>ferit?</strong></span> <span class='ocrx_word' id='word_1_144' title='bbox 1253 2457 1493 2522; x_wconf 84' lang='lat' dir='ltr'><strong>Ferienti</strong></span> <span class='ocrx_word' id='word_1_145' title='bbox 1515 2453 1837 2547; x_wconf 81' lang='lat' dir='ltr'><strong>ignoscitur</strong></span> <span class='ocrx_word' id='word_1_146' title='bbox 1862 2482 2025 2522; x_wconf 86' lang='lat' dir='ltr'><strong>error</strong></span> <span class='ocrx_word' id='word_1_147' title='bbox 2041 2503 2058 2522; x_wconf 84' lang='lat'><strong>.</strong></span> 
     </span>
     <span class='ocr_line' id='line_1_25' title="bbox 623 2548 1959 2635; baseline 0 -21"><span class='ocrx_word' id='word_1_148' title='bbox 623 2559 777 2635; x_wconf 83' lang='lat' dir='ltr'><strong>Qs</strong></span> <span class='ocrx_word' id='word_1_149' title='bbox 797 2548 997 2615; x_wconf 82' lang='lat' dir='ltr'><strong>laevam</strong></span> <span class='ocrx_word' id='word_1_150' title='bbox 1017 2573 1180 2616; x_wconf 87' lang='lat' dir='ltr'><strong>tanto</strong></span> <span class='ocrx_word' id='word_1_151' title='bbox 1200 2557 1355 2615; x_wconf 88' lang='lat' dir='ltr'><strong>norit</strong></span> <span class='ocrx_word' id='word_1_152' title='bbox 1375 2557 1433 2614; x_wconf 85' lang='lat' dir='ltr'><strong>in</strong></span> <span class='ocrx_word' id='word_1_153' title='bbox 1456 2550 1643 2614; x_wconf 88' lang='lat' dir='ltr'><strong>Hoste</strong></span> <span class='ocrx_word' id='word_1_154' title='bbox 1681 2574 1952 2614; x_wconf 83' lang='lat' dir='ltr'><strong>manum</strong></span> <span class='ocrx_word' id='word_1_155' title='bbox 1939 2565 1959 2598; x_wconf 68' lang='lat'>³</span> 
     </span>
    </p>

    <p class='ocr_par' dir='ltr' id='par_1_15' title="bbox 522 2638 1991 2831">
     <span class='ocr_line' id='line_1_26' title="bbox 522 2638 1991 2733; baseline -0.002 -22"><span class='ocrx_word' id='word_1_156' title='bbox 522 2647 711 2711; x_wconf 56' lang='lat' dir='ltr'><strong>Patale</strong></span> <span class='ocrx_word' id='word_1_157' title='bbox 718 2671 741 2709; x_wconf 89' lang='grc'>3</span> <span class='ocrx_word' id='word_1_158' title='bbox 761 2645 862 2708; x_wconf 86' lang='lat' dir='ltr'><strong>tibi</strong></span> <span class='ocrx_word' id='word_1_159' title='bbox 888 2648 955 2706; x_wconf 89' lang='grc' dir='ltr'>Β</span> <span class='ocrx_word' id='word_1_160' title='bbox 948 2642 1060 2733; x_wconf 71' lang='lat' dir='ltr'><strong>{ga</strong></span> <span class='ocrx_word' id='word_1_161' title='bbox 1087 2670 1288 2708; x_wconf 76' lang='lat' dir='ltr'><strong>minus</strong></span> <span class='ocrx_word' id='word_1_162' title='bbox 1307 2641 1624 2708; x_wconf 81' lang='lat' dir='ltr'><strong>discernere</strong></span> <span class='ocrx_word' id='word_1_163' title='bbox 1658 2638 1861 2707; x_wconf 84' lang='lat' dir='ltr'><strong>frustra</strong></span> <span class='ocrx_word' id='word_1_164' title='bbox 1879 2643 1991 2708; x_wconf 85' lang='lat' dir='ltr'><strong>est.</strong></span> 
     </span>
     <span class='ocr_line' id='line_1_27' title="bbox 622 2733 1912 2831; baseline -0.006 -22"><span class='ocrx_word' id='word_1_165' title='bbox 622 2745 893 2831; x_wconf 81' lang='lat' dir='ltr'><strong>Utraque</strong></span> <span class='ocrx_word' id='word_1_166' title='bbox 912 2737 1176 2806; x_wconf 82' lang='lat' dir='ltr'>Condaeo</span> <span class='ocrx_word' id='word_1_167' title='bbox 1195 2737 1273 2803; x_wconf 90' lang='lat' dir='ltr'><strong>est</strong></span> <span class='ocrx_word' id='word_1_168' title='bbox 1290 2737 1523 2815; x_wconf 83' lang='lat' dir='ltr'><strong>dextra,</strong></span> <span class='ocrx_word' id='word_1_169' title='bbox 1541 2733 1756 2802; x_wconf 83' lang='lat' dir='ltr'><strong>sinistra</strong></span> <span class='ocrx_word' id='word_1_170' title='bbox 1772 2739 1912 2818; x_wconf 69' lang='lat' dir='ltr'><strong>tibi,</strong></span> 
     </span>
    </p>
   </div>
   <div class='ocr_carea' id='block_1_6' title="bbox 2108 2921 2198 2984">
    <p class='ocr_par' dir='ltr' id='par_1_16' title="bbox 2108 2921 2198 2984">
     <span class='ocr_line' id='line_1_28' title="bbox 2108 2921 2198 2984; baseline 0 0"><span class='ocrx_word' id='word_1_171' title='bbox 2108 2921 2198 2984; x_wconf 80' lang='lat' dir='ltr'><strong>SE</strong></span> 
     </span>
    </p>
   </div>
  </div>
 </body>
</html>
