2341 3261
1660 172 1749 228 157

89 256 204 316 Res
232 267 351 311 erat
370 294 381 307 .
402 241 526 338 Ipse
545 265 711 309 canes
728 289 749 315 ,
766 237 884 335 ipse
902 239 1169 332 instigare
1188 236 1465 305 molossos
1485 285 1503 312 ,

13 360 15 364 ’
90 350 418 430 Conturnq3
441 386 457 412 2
477 336 751 427 falcemq,
774 360 951 401 manu
971 342 1327 426 intorquere)
1346 333 1707 420 bidentemq3

12 452 14 518 j
86 443 158 501 Et
177 435 416 499 rastrum
440 480 457 504 2
474 445 532 496 &
561 456 866 523 quaecunq3
887 429 1043 522 prins
1069 428 1233 494 furor
1259 451 1419 491 arma
1438 425 1708 497 dediffet3

12 551 15 556 ·
87 525 282 593 Funda
299 575 318 600 ,
342 523 488 590 fuste
508 573 525 597 ,
548 551 723 590 manu
742 572 759 598 2
783 522 980 589 morsu
1001 572 1018 597 ,
1039 549 1134 589 me
1164 524 1414 611 denique
1436 540 1568 584 toto

12 653 15 698 j
87 618 423 711 Pugnaffem
443 667 456 680 .
477 624 863 709 Qaecunque
883 618 1067 708 potest
1086 616 1348 681 audenda
1377 617 1597 703 parenti

12 720 14 747 ³
87 719 342 804 Magnus
360 737 529 776 amor
548 710 779 777 suadere
797 759 815 785 ,
836 709 1001 775 furor
1021 707 1289 804 potuisset
1315 711 1558 771 amantis
1578 752 1592 766 .

12 878 14 882 ,
86 804 395 871 Servaffem
413 827 468 869 te
486 811 641 871 Nate
659 852 678 878 ,
697 825 795 868 aut
814 829 934 869 non
952 808 1192 897 impune
1212 800 1489 866 necassent
1509 849 1523 861 .

11 890 15 964 s
88 904 193 965 Me
211 896 366 991 priris
387 906 657 970 extinxet,
679 919 900 990 peteret
929 921 1108 987 quam
1135 895 1454 988 Daphnida
1473 891 1712 957 ferrum.

11 992 14 1055 «ζ
88 998 170 1058 At
190 992 323 1066 fata,
345 997 427 1056 At
445 997 643 1082 Superi
664 989 903 1065 adversi,
922 988 994 1056 sic
1015 991 1249 1082 perdere
1269 987 1573 1077 Daphnim

11 1109 14 1163 ξ
88 1092 179 1149 Sic
199 1083 454 1149 voluistis
480 1104 490 1148 ὲ
513 1091 583 1147 Et
602 1083 756 1147 hunc
776 1081 1067 1174 specstastis
1086 1089 1247 1146 Rura
1266 1080 1572 1146 dolorem!

12 1191 13 1224 ἲ
90 1182 165 1242 O‘
187 1174 415 1241 tannim
443 1183 718 1241 Domino
738 1182 902 1241 Rura
921 1174 1181 1240 infelicia
1205 1177 1392 1241 vestro
1417 1192 1431 1237 ε

12 1330 13 1333 ,
88 1269 311 1335 Discite
345 1268 619 1335 saevitiam
645 1275 838 1333 Terrae
859 1298 872 1342 3
896 1267 934 1333 si
954 1295 1059 1333 vos
1081 1295 1320 1359 quoque
1341 1270 1528 1354 tangit

90 1370 212 1427 Hic
235 1388 469 1426 mecum
489 1362 663 1426 dolor
685 1390 696 1424 ε
717 1360 938 1426 infandi
959 1360 1024 1426 sit
1044 1369 1302 1425 criminis
1324 1358 1478 1424 ultor

0 1507 14 1518 -.
91 1461 304 1520 Omnis
324 1481 474 1544 ager.
496 1456 724 1518 Medias
743 1453 930 1519 sedeat
957 1480 1114 1518 mors
1134 1461 1280 1518 inter
1299 1453 1487 1518 aristas
1517 1478 1531 1512 t

10 1575 13 1634 j
89 1556 200 1613 Pro
222 1547 392 1613 violis
427 1553 659 1611 aconita
695 1546 923 1638 legant:
949 1548 1283 1638 pestemque
1311 1544 1580 1635 malignae

11 1644 13 1655 ⁴
91 1648 365 1732 Ignotam
386 1638 650 1732 spargant
673 1639 886 1704 Mensis
916 1638 1198 1730 regalibus
1218 1639 1409 1705 herbae
1426 1686 1440 1701 .

0 1740 6 1746 ’
95 1735 407 1799 Herodem
428 1736 660 1797 videant
681 1780 697 1804 ,
718 1746 775 1796 δέ
794 1734 931 1796 fiant
959 1743 1091 1796 vina
1110 1758 1401 1798 venenum
1419 1779 1433 1793 .

0 1821 1 1826 ἵ
89 1833 243 1916 Regi
270 1824 452 1889 electa
472 1851 642 1916 pyrus
662 1872 679 1898 2
699 1823 897 1890 succos
918 1824 1144 1889 dedisce
1183 1831 1401 1915 priores
1423 1851 1436 1886 ε

0 1923 14 1963 ῑῖ
89 1918 392 2009 Mellaque
412 1920 762 2008 degenerent
782 1948 794 1981 :
814 1925 967 1983 virus
988 1944 1097 2008 pro
1121 1917 1266 1982 laste
1291 1921 1522 1985 bibatur
1539 1962 1555 1979 .

90 2019 273 2076 Poma
291 2009 560 2076 colorato
583 2018 731 2075 vitio
751 2010 828 2077 sic
856 2009 1036 2076 fallite
1064 2012 1332 2076 edentem
1350 2040 1368 2076 :

0 2129 4 2220 J
91 2105 313 2170 Pestem
333 2111 583 2195 ignoret,
605 2104 796 2193 edatq3
820 2133 832 2167 ε
854 2118 912 2170 ὃς
951 2103 1178 2170 vultum
1208 2117 1267 2170 &
1284 2109 1526 2170 nomina
1542 2122 1729 2167 mutet:

11 2234 14 2243 ·
92 2194 366 2261 Insidiosa
385 2195 500 2260 lues
521 2225 538 2259 :
559 2221 716 2260 mors
735 2197 896 2263 fallat
915 2204 1169 2289 imagine
1186 2205 1318 2264 vitae
1336 2247 1350 2262 .

11 2342 15 2370 ·.
93 2287 376 2362 Flumina,
393 2315 498 2354 vos
522 2315 706 2381 quoq,
730 2293 870 2356 iusta
889 2314 1084 2356 manet
1112 2293 1386 2357 vindicta:
1407 2294 1717 2357 inimicum

92 2386 397 2472 Torqueat
415 2381 612 2446 hausta
629 2381 817 2450 sinum
835 2433 852 2459 2
880 2392 1241 2478 mentitaque
1266 2392 1462 2478 vipera
1482 2382 1716 2475 piscem.

10 2519 12 2559 ;
92 2482 217 2541 Aut
237 2473 278 2539 fi
298 2471 542 2566 quando
562 2497 691 2541 tuos
710 2476 897 2543 sitiens
919 2478 1155 2543 inhiarit
1182 2480 1253 2543 ad
1272 2476 1503 2544 haustus

10 2564 12 2568 ¹
92 2574 266 2641 Rive,
288 2593 515 2633 mernor
535 2566 711 2635 fueris
730 2620 748 2645 ,
777 2570 1201 2664 stomachoque
1220 2572 1489 2663 ingreffus
1511 2577 1720 2660 iniquo

11 2663 13 2689 ³
95 2659 331 2726 Viscera
348 2686 449 2753 per
467 2708 484 2734 ‚
506 2686 604 2752 per
623 2674 683 2728 &
711 2666 826 2731 offa
844 2713 859 2738 ,
882 2664 1150 2756 fibrisque
1169 2658 1503 2732 medullitus
1530 2669 1659 2728 imis

11 2755 13 2758 ’
96 2753 361 2820 Perfure:
390 2752 662 2820 saevitiam
683 2756 902 2823 crudeli
922 2764 982 2822 in
1013 2766 1249 2849 pectore
1269 2758 1443 2823 disces
1464 2805 1478 2819 .

197 2848 303 2913 Ast
332 2848 475 2942 quid
494 2853 663 2916 inane
681 2849 853 2918 furo?
883 2852 1049 2932 Quid
1069 2851 1235 2919 latrat
1252 2849 1469 2917 inutilis
1488 2855 1610 2916 ira?

1626 2948 1757 3012 Nec
